%% This BibTeX bibliography file was created using BibDesk.
%% http://bibdesk.sourceforge.net/


%% Created for Eduardo Russo at 2010-10-04 09:45:34 -0300 


%% Saved with string encoding Western (Mac OS Roman) 


@comment{jabref-meta: selector_publisher:}
@comment{jabref-meta: selector_author:}
@comment{jabref-meta: selector_journal:}
@comment{jabref-meta: selector_keywords:}



@webpage{ffmpeg2010wikipedia,
	Author = {Wikipedia, the free encyclopedia},
	Date-Added = {2010-10-03 21:34:00 -0300},
	Date-Modified = {2010-10-03 21:36:19 -0300},
	Keywords = {ffmpeg},
	Month = {Acesso em : 3 de abril de},
	Tiitle = {FFmpeg - Wikipedia, the free encyclopedia},
	Url = {http://en.wikipedia.org/wiki/FFmpeg},
	Year = {2010}}

@webpage{ffmpeg2010about,
	Date-Added = {2010-10-03 21:28:42 -0300},
	Date-Modified = {2010-10-03 21:33:44 -0300},
	Keywords = {ffmpeg},
	Month = {Acesso em : 6 de abril de},
	Tiitle = {About FFmpeg},
	Url = {http://ffmpeg.org/about.html},
	Year = {2010},
	Bdsk-Url-1 = {http://ffmpeg.org/about.html}}

@webpage{java2010about,
	Date-Added = {2010-10-03 20:47:58 -0300},
	Date-Modified = {2010-10-03 20:54:09 -0300},
	Howpublished = {http://www.sun.com/java/about/},
	Keywords = {java},
	Month = {Acesso em : 3 de abril de},
	Title = {About Java Technology},
	Url = {http://www.sun.com/java/about/},
	Year = {2010},
	Bdsk-Url-1 = {http://www.java.com/pt_BR/about/}}

@article{kassinen2010crossplatform,
	Author = {Otso Kassinen AND Erkki Harjula AND Timo Koskela AND Mika Ylianttila},
	Date-Added = {2010-09-13 20:40:38 -0300},
	Date-Modified = {2010-09-13 20:46:51 -0300},
	Issn = {0018-9162},
	Journal = {International Journal of Software Engineering and Its Applications},
	Keywords = {cross platform development},
	Number = {3},
	Pages = {43--58},
	Publisher = {{SERSC}: Science & Engineering Research Support soCiety},
	Title = {Guidelines for the Implementation of Cross-platform Mobile Middleware},
	Url = {http://www.sersc.org/journals/IJSEIA/vol4\_no3\_2010/5.pdf},
	Volume = {4},
	Year = {2010},
	Bdsk-File-1 = {YnBsaXN0MDDUAQIDBAUIJidUJHRvcFgkb2JqZWN0c1gkdmVyc2lvblkkYXJjaGl2ZXLRBgdUcm9vdIABqAkKFRYXGyIjVSRudWxs0wsMDQ4RFFpOUy5vYmplY3RzV05TLmtleXNWJGNsYXNzog8QgASABqISE4ACgAOAB1lhbGlhc0RhdGFccmVsYXRpdmVQYXRo0hgNGRpXTlMuZGF0YU8RAm4AAAAAAm4AAgAACWNlMnBvbnRvcwAAAAAAAAAAAAAAAAAAAAAAAMe4mHlIKwAAAE56jx9HdWlkZWxpbmVzIGZvciB0aGUgSSM0RUMzNDcucGRmAAAAAAAAAAAAAAAAAAAAAAAAAAAAAAAAAAAAAAAAAAAATsNHyLGpgAAAAAAAAAAAAAEAAwAACSAAAAAAAAAAAAAAAAAAAAAQQVJUSUdPUyBFIExJVlJPUwAQAAgAAMe4wqkAAAARAAgAAMix07AAAAABABQATnqPAElUeQBJU5QACEq+AACSOwACAFZjZTJwb250b3M6VXNlcnM6ZWR1OlBvbGktVENDOlVuaXZlcnNvOkFSVElHT1MgRSBMSVZST1M6R3VpZGVsaW5lcyBmb3IgdGhlIEkjNEVDMzQ3LnBkZgAOAJQASQBHAHUAaQBkAGUAbABpAG4AZQBzACAAZgBvAHIAIAB0AGgAZQAgAEkAbQBwAGwAZQBtAGUAbgB0AGEAdABpAG8AbgAgAG8AZgAgAEMAcgBvAHMAcwAtAHAAbABhAHQAZgBvAHIAbQAgAE0AbwBiAGkAbABlACAATQBpAGQAZABsAGUAdwBhAHIAZQAuAHAAZABmAA8AFAAJAGMAZQAyAHAAbwBuAHQAbwBzABIAdlVzZXJzL2VkdS9Qb2xpLVRDQy9Vbml2ZXJzby9BUlRJR09TIEUgTElWUk9TL0d1aWRlbGluZXMgZm9yIHRoZSBJbXBsZW1lbnRhdGlvbiBvZiBDcm9zcy1wbGF0Zm9ybSBNb2JpbGUgTWlkZGxld2FyZS5wZGYAEwABLwAAFQACAAr//wAAgAXSHB0eH1gkY2xhc3Nlc1okY2xhc3NuYW1lox8gIV1OU011dGFibGVEYXRhVk5TRGF0YVhOU09iamVjdF8QWkFSVElHT1MgRSBMSVZST1MvR3VpZGVsaW5lcyBmb3IgdGhlIEltcGxlbWVudGF0aW9uIG9mIENyb3NzLXBsYXRmb3JtIE1vYmlsZSBNaWRkbGV3YXJlLnBkZtIcHSQloiUhXE5TRGljdGlvbmFyeRIAAYagXxAPTlNLZXllZEFyY2hpdmVyAAgAEQAWAB8AKAAyADUAOgA8AEUASwBSAF0AZQBsAG8AcQBzAHYAeAB6AHwAhgCTAJgAoAMSAxQDGQMiAy0DMQM/A0YDTwOsA7EDtAPBA8YAAAAAAAACAQAAAAAAAAAoAAAAAAAAAAAAAAAAAAAD2A==}}

@webpage{apache2010sobre,
	Author = {Apache.org},
	Date-Added = {2010-09-12 13:20:58 -0300},
	Date-Modified = {2010-09-12 13:25:01 -0300},
	Keywords = {apache},
	Month = {Acesso em : 12 de fevereiro de},
	Timestamp = {2010.09.12},
	Title = {About the Apache {HTTP} Server Project - The Apache {HTTP} Server Project},
	Url = {http://httpd.apache.org/ABOUT_APACHE.html},
	Year = {2010},
	Bdsk-Url-1 = {http://httpd.apache.org/ABOUT_APACHE.html}}

@webpage{pear2010home,
	Date-Added = {2010-09-12 12:36:21 -0300},
	Date-Modified = {2010-09-12 13:25:40 -0300},
	Howpublished = {http://pear.php.net/},
	Keywords = {pear},
	Month = {Acesso em : 12 de fevereiro de},
	Title = {{PEAR} - {PHP} Extension and Application Repository},
	Url = {http://pear.php.net/},
	Year = {2010},
	Bdsk-Url-1 = {http://pear.php.net/}}

@webpage{netcraft2010php,
	Author = {Netcraft},
	Date-Added = {2010-09-12 11:31:19 -0300},
	Date-Modified = {2010-09-12 13:25:31 -0300},
	Howpublished = {http://news.netcraft.com/archives/2010/08/11/august-2010-web-server-survey-4.html},
	Keywords = {php},
	Month = {Acesso em : 12 de fevereiro de},
	Title = {August 2010 Web Server Survey {\textbar} Netcraft},
	Url = {http://news.netcraft.com/archives/2010/08/11/august-2010-web-server-survey-4.html},
	Year = {2010},
	Bdsk-Url-1 = {http://news.netcraft.com/archives/2010/08/11/august-2010-web-server-survey-4.html}}

@webpage{php2010historia,
	Author = {PHP.net},
	Date-Added = {2010-09-11 23:12:30 -0300},
	Date-Modified = {2010-10-03 18:29:24 -0300},
	Keywords = {php},
	Month = {Acesso em : 11 de fevereiro de},
	Timestamp = {2010.09.11},
	Title = {{PHP:} A Hist—ria do {PHP?} - Manual},
	Url = {http://www.php.net/manual/pt_BR/history.php.php},
	Year = {2010},
	Bdsk-Url-1 = {http://www.php.net/manual/pt_BR/history.php.php}}

@article{babcock1998crossplatform,
	Abstract = {A discussion of cross-platform development and the
                 GUI.},
	Author = {Michael Babcock},
	Bibdate = {Fri Oct 9 08:35:26 MDT 1998},
	Bibsource = {http://ftp.math.utah.edu/pub//tex/bib/linux-journal.html#Babcock:1998:IGC},
	Date-Added = {2010-09-11 22:21:35 -0300},
	Date-Modified = {2010-09-11 22:37:09 -0300},
	Issn = {1075-3583},
	Journal = Linux,
	Keywords = {cross platform development},
	Month = may,
	Publisher = {Linux Journal},
	Title = {The Importance of the {GUI} in Cross Platform Development},
	Url = {http://www.linuxjournal.com/article/2723},
	Volume = {49},
	Year = {1998},
	Bdsk-Url-1 = {http://noframes.linuxjournal.com/lj-issues/2723.html}}

@article{dehinbo2005performance,
	Author = {Johnson Dehinbo},
	Date-Added = {2010-09-11 20:04:23 -0300},
	Date-Modified = {2010-10-02 19:22:46 -0300},
	Journal = {Issues in Informing Science and Information Technology},
	Keywords = {php, programing language comparison},
	Pages = {757-769},
	Title = {The Performance of Web-based 2-tier Middleware Systems},
	Url = {http://2005papers.iisit.org/I59f23Dehi.pdf},
	Volume = {2},
	Year = {2005},
	Bdsk-File-1 = {YnBsaXN0MDDUAQIDBAUIJidUJHRvcFgkb2JqZWN0c1gkdmVyc2lvblkkYXJjaGl2ZXLRBgdUcm9vdIABqAkKFRYXGyIjVSRudWxs0wsMDQ4RFFpOUy5vYmplY3RzV05TLmtleXNWJGNsYXNzog8QgASABqISE4ACgAOAB1lhbGlhc0RhdGFccmVsYXRpdmVQYXRo0hgNGRpXTlMuZGF0YU8RAkIAAAAAAkIAAgAACWNlMnBvbnRvcwAAAAAAAAAAAAAAAAAAAAAAAMe4mHlIKwAAAE56jx9UaGUgUGVyZm9ybWFuY2Ugb2YgVyM0RUFCNDQucGRmAAAAAAAAAAAAAAAAAAAAAAAAAAAAAAAAAAAAAAAAAAAATqtEyLGO4AAAAAAAAAAAAAEAAwAACSAAAAAAAAAAAAAAAAAAAAAQQVJUSUdPUyBFIExJVlJPUwAQAAgAAMe4wqkAAAARAAgAAMixuRAAAAABABQATnqPAElUeQBJU5QACEq+AACSOwACAFZjZTJwb250b3M6VXNlcnM6ZWR1OlBvbGktVENDOlVuaXZlcnNvOkFSVElHT1MgRSBMSVZST1M6VGhlIFBlcmZvcm1hbmNlIG9mIFcjNEVBQjQ0LnBkZgAOAHYAOgBUAGgAZQAgAFAAZQByAGYAbwByAG0AYQBuAGMAZQAgAG8AZgAgAFcAZQBiAC0AYgBhAHMAZQBkACAAMgAtAHQAaQBlAHIAIABNAGkAZABkAGwAZQB3AGEAcgBlACAAUwB5AHMAdABlAG0AcwAuAHAAZABmAA8AFAAJAGMAZQAyAHAAbwBuAHQAbwBzABIAZ1VzZXJzL2VkdS9Qb2xpLVRDQy9Vbml2ZXJzby9BUlRJR09TIEUgTElWUk9TL1RoZSBQZXJmb3JtYW5jZSBvZiBXZWItYmFzZWQgMi10aWVyIE1pZGRsZXdhcmUgU3lzdGVtcy5wZGYAABMAAS8AABUAAgAK//8AAIAF0hwdHh9YJGNsYXNzZXNaJGNsYXNzbmFtZaMfICFdTlNNdXRhYmxlRGF0YVZOU0RhdGFYTlNPYmplY3RfEEtBUlRJR09TIEUgTElWUk9TL1RoZSBQZXJmb3JtYW5jZSBvZiBXZWItYmFzZWQgMi10aWVyIE1pZGRsZXdhcmUgU3lzdGVtcy5wZGbSHB0kJaIlIVxOU0RpY3Rpb25hcnkSAAGGoF8QD05TS2V5ZWRBcmNoaXZlcgAIABEAFgAfACgAMgA1ADoAPABFAEsAUgBdAGUAbABvAHEAcwB2AHgAegB8AIYAkwCYAKAC5gLoAu0C9gMBAwUDEwMaAyMDcQN2A3kDhgOLAAAAAAAAAgEAAAAAAAAAKAAAAAAAAAAAAAAAAAAAA50=}}

@book{allen2010crossdevelopment,
	Author = {Chris Allen AND Sarah Allen AND Vidal Graupera AND Lee Lundrigan},
	Date-Modified = {2010-09-11 21:36:24 -0300},
	Isbn = {9781430228684},
	Keywords = {cross platform development},
	Publisher = {Apress},
	Title = {Pro Smartphone Cross-Platform Development: IPhone, Blackberry, Windows Mobile and Android Development and Distribution},
	Year = {2010}}

@webpage{fonoage2009crossplatform,
	Author = {Mihai Fonoage},
	Date-Modified = {2010-09-12 13:25:46 -0300},
	Keywords = {cross platform development},
	Month = {Acesso em : 11 de fevereiro de},
	Timestamp = {2010.09.11},
	Title = {Mihai Fonoage's Blog: Cross-Platform Mobile Development},
	Url = {http://www.mihaifonoage.blogspot.com/2009/12/cross-platform-mobile-development.html},
	Year = {2010},
	Bdsk-Url-1 = {http://www.mihaifonoage.blogspot.com/2009/12/cross-platform-mobile-development.html}}

@webpage{php2010oquee,
	Author = {PHP.net},
	Date-Modified = {2010-10-03 18:29:29 -0300},
	Keywords = {php},
	Month = {Acesso em : 11 de fevereiro de},
	Timestamp = {2010.09.11},
	Title = {{PHP:} O que Ž {PHP?} - Manual},
	Url = {http://www.php.net/manual/pt_BR/intro-whatis.php},
	Year = {2010},
	Bdsk-Url-1 = {http://www.php.net/manual/pt_BR/intro-whatis.php}}

@book{ullman2009php,
	Address = {Berkeley, {CA} :},
	Author = {Larry Ullman},
	Date-Added = {2010-09-11 19:39:52 -0300},
	Date-Modified = {2010-09-11 20:31:57 -0300},
	Edition = {3rd},
	Isbn = {9780321515551},
	Keywords = {php},
	Publisher = {Peachpit Press,},
	Title = {{PHP} for the Web: Visual QuickStart Guide},
	Year = {2009},
	Bdsk-File-1 = {YnBsaXN0MDDUAQIDBAUIJidUJHRvcFgkb2JqZWN0c1gkdmVyc2lvblkkYXJjaGl2ZXLRBgdUcm9vdIABqAkKFRYXGyIjVSRudWxs0wsMDQ4RFFpOUy5vYmplY3RzV05TLmtleXNWJGNsYXNzog8QgASABqISE4ACgAOAB1lhbGlhc0RhdGFccmVsYXRpdmVQYXRo0hgNGRpXTlMuZGF0YU8RAcAAAAAAAcAAAgAACWNlMnBvbnRvcwAAAAAAAAAAAAAAAAAAAAAAAMe4mHlIKwAAAE56jxNQSFAgZm9yIHRoZSBXZWIucGRmAAAAAAAAAAAAAAAAAAAAAAAAAAAAAAAAAAAAAAAAAAAAAAAAAAAAAAAAAAAATrZIx+ynnAAAAAAAAAAAAAEAAwAACSAAAAAAAAAAAAAAAAAAAAAQQVJUSUdPUyBFIExJVlJPUwAQAAgAAMe4wqkAAAARAAgAAMfs0cwAAAABABQATnqPAElUeQBJU5QACEq+AACSOwACAEpjZTJwb250b3M6VXNlcnM6ZWR1OlBvbGktVENDOlVuaXZlcnNvOkFSVElHT1MgRSBMSVZST1M6UEhQIGZvciB0aGUgV2ViLnBkZgAOACgAEwBQAEgAUAAgAGYAbwByACAAdABoAGUAIABXAGUAYgAuAHAAZABmAA8AFAAJAGMAZQAyAHAAbwBuAHQAbwBzABIAQFVzZXJzL2VkdS9Qb2xpLVRDQy9Vbml2ZXJzby9BUlRJR09TIEUgTElWUk9TL1BIUCBmb3IgdGhlIFdlYi5wZGYAEwABLwAAFQACAAr//wAAgAXSHB0eH1gkY2xhc3Nlc1okY2xhc3NuYW1lox8gIV1OU011dGFibGVEYXRhVk5TRGF0YVhOU09iamVjdF8QJEFSVElHT1MgRSBMSVZST1MvUEhQIGZvciB0aGUgV2ViLnBkZtIcHSQloiUhXE5TRGljdGlvbmFyeRIAAYagXxAPTlNLZXllZEFyY2hpdmVyAAgAEQAWAB8AKAAyADUAOgA8AEUASwBSAF0AZQBsAG8AcQBzAHYAeAB6AHwAhgCTAJgAoAJkAmYCawJ0An8CgwKRApgCoQLIAs0C0ALdAuIAAAAAAAACAQAAAAAAAAAoAAAAAAAAAAAAAAAAAAAC9A==}}

@book{castagnetto1999php,
	Address = {Birmingham},
	Author = {Jesus Castagnetto AND Harish Rawat AND Sascha Schumann AND Chris Scollo AND Deepak Veliath},
	Date-Added = {2010-09-11 19:47:30 -0300},
	Date-Modified = {2010-09-13 23:27:34 -0300},
	Isbn = {1-861002-96-3},
	Keywords = {php},
	Publisher = {Wrox Press},
	Title = {Professional {PHP} programming},
	Year = {1999},
	Bdsk-File-1 = {YnBsaXN0MDDUAQIDBAUIJidUJHRvcFgkb2JqZWN0c1gkdmVyc2lvblkkYXJjaGl2ZXLRBgdUcm9vdIABqAkKFRYXGyIjVSRudWxs0wsMDQ4RFFpOUy5vYmplY3RzV05TLmtleXNWJGNsYXNzog8QgASABqISE4ACgAOAB1lhbGlhc0RhdGFccmVsYXRpdmVQYXRo0hgNGRpXTlMuZGF0YU8RAfQAAAAAAfQAAgAACWNlMnBvbnRvcwAAAAAAAAAAAAAAAAAAAAAAAMe4mHlIKwAAAE56jx9Qcm9mZXNzaW9uYWwuUEhQLlBybyM0RUJGQTcucGRmAAAAAAAAAAAAAAAAAAAAAAAAAAAAAAAAAAAAAAAAAAAATr+nyJLNfAAAAAAAAAAAAAEAAwAACSAAAAAAAAAAAAAAAAAAAAAQQVJUSUdPUyBFIExJVlJPUwAQAAgAAMe4wqkAAAARAAgAAMiS96wAAAABABQATnqPAElUeQBJU5QACEq+AACSOwACAFZjZTJwb250b3M6VXNlcnM6ZWR1OlBvbGktVENDOlVuaXZlcnNvOkFSVElHT1MgRSBMSVZST1M6UHJvZmVzc2lvbmFsLlBIUC5Qcm8jNEVCRkE3LnBkZgAOAEIAIABQAHIAbwBmAGUAcwBzAGkAbwBuAGEAbAAuAFAASABQAC4AUAByAG8AZwByAGEAbQBtAGkAbgBnAC4AcABkAGYADwAUAAkAYwBlADIAcABvAG4AdABvAHMAEgBNVXNlcnMvZWR1L1BvbGktVENDL1VuaXZlcnNvL0FSVElHT1MgRSBMSVZST1MvUHJvZmVzc2lvbmFsLlBIUC5Qcm9ncmFtbWluZy5wZGYAABMAAS8AABUAAgAK//8AAIAF0hwdHh9YJGNsYXNzZXNaJGNsYXNzbmFtZaMfICFdTlNNdXRhYmxlRGF0YVZOU0RhdGFYTlNPYmplY3RfEDFBUlRJR09TIEUgTElWUk9TL1Byb2Zlc3Npb25hbC5QSFAuUHJvZ3JhbW1pbmcucGRm0hwdJCWiJSFcTlNEaWN0aW9uYXJ5EgABhqBfEA9OU0tleWVkQXJjaGl2ZXIACAARABYAHwAoADIANQA6ADwARQBLAFIAXQBlAGwAbwBxAHMAdgB4AHoAfACGAJMAmACgApgCmgKfAqgCswK3AsUCzALVAwkDDgMRAx4DIwAAAAAAAAIBAAAAAAAAACgAAAAAAAAAAAAAAAAAAAM1}}

@book{hudson2005php,
	Address = {Sebastopol Calif.},
	Author = {Paul Hudson},
	Date-Added = {2010-09-11 19:51:46 -0300},
	Date-Modified = {2010-09-11 20:33:32 -0300},
	Edition = {1st ed.},
	Isbn = {9780596100674},
	Keywords = {php},
	Publisher = {{O'Reilly}},
	Title = {{PHP} in a nutshell},
	Year = {2005},
	Bdsk-File-1 = {YnBsaXN0MDDUAQIDBAUIJidUJHRvcFgkb2JqZWN0c1gkdmVyc2lvblkkYXJjaGl2ZXLRBgdUcm9vdIABqAkKFRYXGyIjVSRudWxs0wsMDQ4RFFpOUy5vYmplY3RzV05TLmtleXNWJGNsYXNzog8QgASABqISE4ACgAOAB1lhbGlhc0RhdGFccmVsYXRpdmVQYXRo0hgNGRpXTlMuZGF0YU8RAcgAAAAAAcgAAgAACWNlMnBvbnRvcwAAAAAAAAAAAAAAAAAAAAAAAMe4mHlIKwAAAE56jxVQSFAgaW4gYSBOdXRzaGVsbC5jaG0AAAAAAAAAAAAAAAAAAAAAAAAAAAAAAAAAAAAAAAAAAAAAAAAAAAAAAAAATtJCyLGY7QAAAAAAAAAAAAEAAwAACSAAAAAAAAAAAAAAAAAAAAAQQVJUSUdPUyBFIExJVlJPUwAQAAgAAMe4wqkAAAARAAgAAMixwx0AAAABABQATnqPAElUeQBJU5QACEq+AACSOwACAExjZTJwb250b3M6VXNlcnM6ZWR1OlBvbGktVENDOlVuaXZlcnNvOkFSVElHT1MgRSBMSVZST1M6UEhQIGluIGEgTnV0c2hlbGwuY2htAA4ALAAVAFAASABQACAAaQBuACAAYQAgAE4AdQB0AHMAaABlAGwAbAAuAGMAaABtAA8AFAAJAGMAZQAyAHAAbwBuAHQAbwBzABIAQlVzZXJzL2VkdS9Qb2xpLVRDQy9Vbml2ZXJzby9BUlRJR09TIEUgTElWUk9TL1BIUCBpbiBhIE51dHNoZWxsLmNobQATAAEvAAAVAAIACv//AACABdIcHR4fWCRjbGFzc2VzWiRjbGFzc25hbWWjHyAhXU5TTXV0YWJsZURhdGFWTlNEYXRhWE5TT2JqZWN0XxAmQVJUSUdPUyBFIExJVlJPUy9QSFAgaW4gYSBOdXRzaGVsbC5jaG3SHB0kJaIlIVxOU0RpY3Rpb25hcnkSAAGGoF8QD05TS2V5ZWRBcmNoaXZlcgAIABEAFgAfACgAMgA1ADoAPABFAEsAUgBdAGUAbABvAHEAcwB2AHgAegB8AIYAkwCYAKACbAJuAnMCfAKHAosCmQKgAqkC0gLXAtoC5wLsAAAAAAAAAgEAAAAAAAAAKAAAAAAAAAAAAAAAAAAAAv4=}}

@book{seffah2004crossplatform,
	Address = {Hoboken {NJ}},
	Author = {Ahmed Seffah},
	Date-Added = {2010-09-11 20:50:50 -0300},
	Date-Modified = {2010-09-11 20:51:44 -0300},
	Isbn = {9780470854440},
	Keywords = {cross platform development},
	Publisher = {J. Wiley},
	Title = {Multiple user interfaces : cross-platform applications and context-aware interfaces},
	Year = {2004},
	Bdsk-File-1 = {YnBsaXN0MDDUAQIDBAUIJidUJHRvcFgkb2JqZWN0c1gkdmVyc2lvblkkYXJjaGl2ZXLRBgdUcm9vdIABqAkKFRYXGyIjVSRudWxs0wsMDQ4RFFpOUy5vYmplY3RzV05TLmtleXNWJGNsYXNzog8QgASABqISE4ACgAOAB1lhbGlhc0RhdGFccmVsYXRpdmVQYXRo0hgNGRpXTlMuZGF0YU8RAs4AAAAAAs4AAgAACWNlMnBvbnRvcwAAAAAAAAAAAAAAAAAAAAAAAMe4mHlIKwAAAE56jx9tdWx0aXBsZS11c2VyLWludGVyZiM0RUI5NUEucGRmAAAAAAAAAAAAAAAAAAAAAAAAAAAAAAAAAAAAAAAAAAAATrlayLGcQwAAAAAAAAAAAAEAAwAACSAAAAAAAAAAAAAAAAAAAAAQQVJUSUdPUyBFIExJVlJPUwAQAAgAAMe4wqkAAAARAAgAAMixxnMAAAABABQATnqPAElUeQBJU5QACEq+AACSOwACAFZjZTJwb250b3M6VXNlcnM6ZWR1OlBvbGktVENDOlVuaXZlcnNvOkFSVElHT1MgRSBMSVZST1M6bXVsdGlwbGUtdXNlci1pbnRlcmYjNEVCOTVBLnBkZgAOANQAaQBtAHUAbAB0AGkAcABsAGUALQB1AHMAZQByAC0AaQBuAHQAZQByAGYAYQBjAGUAcwAtAGMAcgBvAHMAcwAtAHAAbABhAHQAZgBvAHIAbQAtAGEAcABwAGwAaQBjAGEAdABpAG8AbgBzAC0AYQBuAGQALQBjAG8AbgB0AGUAeAB0AC0AYQB3AGEAcgBlAC0AaQBuAHQAZQByAGYAYQBjAGUAcwAuADkANwA4ADAANAA3ADAAOAA1ADQANAA0ADAALgAyADEAMgA3ADUALgBwAGQAZgAPABQACQBjAGUAMgBwAG8AbgB0AG8AcwASAJZVc2Vycy9lZHUvUG9saS1UQ0MvVW5pdmVyc28vQVJUSUdPUyBFIExJVlJPUy9tdWx0aXBsZS11c2VyLWludGVyZmFjZXMtY3Jvc3MtcGxhdGZvcm0tYXBwbGljYXRpb25zLWFuZC1jb250ZXh0LWF3YXJlLWludGVyZmFjZXMuOTc4MDQ3MDg1NDQ0MC4yMTI3NS5wZGYAEwABLwAAFQACAAr//wAAgAXSHB0eH1gkY2xhc3Nlc1okY2xhc3NuYW1lox8gIV1OU011dGFibGVEYXRhVk5TRGF0YVhOU09iamVjdF8QekFSVElHT1MgRSBMSVZST1MvbXVsdGlwbGUtdXNlci1pbnRlcmZhY2VzLWNyb3NzLXBsYXRmb3JtLWFwcGxpY2F0aW9ucy1hbmQtY29udGV4dC1hd2FyZS1pbnRlcmZhY2VzLjk3ODA0NzA4NTQ0NDAuMjEyNzUucGRm0hwdJCWiJSFcTlNEaWN0aW9uYXJ5EgABhqBfEA9OU0tleWVkQXJjaGl2ZXIACAARABYAHwAoADIANQA6ADwARQBLAFIAXQBlAGwAbwBxAHMAdgB4AHoAfACGAJMAmACgA3IDdAN5A4IDjQORA58DpgOvBCwEMQQ0BEEERgAAAAAAAAIBAAAAAAAAACgAAAAAAAAAAAAAAAAAAARY}}

@book{smart2006crossplatform,
	Address = {Upper Saddle River {NJ}},
	Author = {Julian Smart},
	Date-Added = {2010-09-11 21:28:12 -0300},
	Date-Modified = {2010-09-13 23:28:35 -0300},
	Isbn = {9780131473812},
	Keywords = {cross platform development},
	Publisher = {Prentice Hall {PTR}},
	Title = {Cross-platform {GUI} programming with {wxWidgets}},
	Year = {2006},
	Bdsk-File-1 = {YnBsaXN0MDDUAQIDBAUIJidUJHRvcFgkb2JqZWN0c1gkdmVyc2lvblkkYXJjaGl2ZXLRBgdUcm9vdIABqAkKFRYXGyIjVSRudWxs0wsMDQ4RFFpOUy5vYmplY3RzV05TLmtleXNWJGNsYXNzog8QgASABqISE4ACgAOAB1lhbGlhc0RhdGFccmVsYXRpdmVQYXRo0hgNGRpXTlMuZGF0YU8RAiYAAAAAAiYAAgAACWNlMnBvbnRvcwAAAAAAAAAAAAAAAAAAAAAAAMe4mHlIKwAAAE56jx9Dcm9zcy1QbGF0Zm9ybSBHVUkgUCM0RUJFRTIucGRmAAAAAAAAAAAAAAAAAAAAAAAAAAAAAAAAAAAAAAAAAAAATr7iyLGi5gAAAAAAAAAAAAEAAwAACSAAAAAAAAAAAAAAAAAAAAAQQVJUSUdPUyBFIExJVlJPUwAQAAgAAMe4wqkAAAARAAgAAMixzRYAAAABABQATnqPAElUeQBJU5QACEq+AACSOwACAFZjZTJwb250b3M6VXNlcnM6ZWR1OlBvbGktVENDOlVuaXZlcnNvOkFSVElHT1MgRSBMSVZST1M6Q3Jvc3MtUGxhdGZvcm0gR1VJIFAjNEVCRUUyLnBkZgAOAGQAMQBDAHIAbwBzAHMALQBQAGwAYQB0AGYAbwByAG0AIABHAFUASQAgAFAAcgBvAGcAcgBhAG0AbQBpAG4AZwAgAHcAaQB0AGgAIAB3AHgAVwBpAGQAZwBlAHQAcwAuAHAAZABmAA8AFAAJAGMAZQAyAHAAbwBuAHQAbwBzABIAXlVzZXJzL2VkdS9Qb2xpLVRDQy9Vbml2ZXJzby9BUlRJR09TIEUgTElWUk9TL0Nyb3NzLVBsYXRmb3JtIEdVSSBQcm9ncmFtbWluZyB3aXRoIHd4V2lkZ2V0cy5wZGYAEwABLwAAFQACAAr//wAAgAXSHB0eH1gkY2xhc3Nlc1okY2xhc3NuYW1lox8gIV1OU011dGFibGVEYXRhVk5TRGF0YVhOU09iamVjdF8QQkFSVElHT1MgRSBMSVZST1MvQ3Jvc3MtUGxhdGZvcm0gR1VJIFByb2dyYW1taW5nIHdpdGggd3hXaWRnZXRzLnBkZtIcHSQloiUhXE5TRGljdGlvbmFyeRIAAYagXxAPTlNLZXllZEFyY2hpdmVyAAgAEQAWAB8AKAAyADUAOgA8AEUASwBSAF0AZQBsAG8AcQBzAHYAeAB6AHwAhgCTAJgAoALKAswC0QLaAuUC6QL3Av4DBwNMA1EDVANhA2YAAAAAAAACAQAAAAAAAAAoAAAAAAAAAAAAAAAAAAADeA==}}

@article{bishop2006crossplatform,
	Author = {Judith Bishop AND Nigel Horspool},
	Date-Added = {2010-09-11 22:03:01 -0300},
	Date-Modified = {2010-09-13 23:28:24 -0300},
	Doi = {10.1109/MC.2006.337},
	Issn = {0018-9162},
	Journal = {Computer},
	Keywords = {cross platform development},
	Number = {10},
	Pages = {26--35},
	Publisher = {IEEE Computer Society Press},
	Title = {{Cross-Platform} Development: Software that Lasts},
	Url = {http://ieeexplore.ieee.org/lpdocs/epic03/wrapper.htm?arnumber=1707631},
	Volume = {39},
	Year = {2006},
	Bdsk-File-1 = {YnBsaXN0MDDUAQIDBAUIJidUJHRvcFgkb2JqZWN0c1gkdmVyc2lvblkkYXJjaGl2ZXLRBgdUcm9vdIABqAkKFRYXGyIjVSRudWxs0wsMDQ4RFFpOUy5vYmplY3RzV05TLmtleXNWJGNsYXNzog8QgASABqISE4ACgAOAB1lhbGlhc0RhdGFccmVsYXRpdmVQYXRo0hgNGRpXTlMuZGF0YU8RAeYAAAAAAeYAAgAACWNlMnBvbnRvcwAAAAAAAAAAAAAAAAAAAAAAAMe4mHlIKwAAAE56jxxDcm9zc1BsYXRmb3JtRGV2ZWxvcG1lbnQucGRmAAAAAAAAAAAAAAAAAAAAAAAAAAAAAAAAAAAAAAAAAAAAAAAATsR7yLGrfgAAAAAAAAAAAAEAAwAACSAAAAAAAAAAAAAAAAAAAAAQQVJUSUdPUyBFIExJVlJPUwAQAAgAAMe4wqkAAAARAAgAAMix1a4AAAABABQATnqPAElUeQBJU5QACEq+AACSOwACAFNjZTJwb250b3M6VXNlcnM6ZWR1OlBvbGktVENDOlVuaXZlcnNvOkFSVElHT1MgRSBMSVZST1M6Q3Jvc3NQbGF0Zm9ybURldmVsb3BtZW50LnBkZgAADgA6ABwAQwByAG8AcwBzAFAAbABhAHQAZgBvAHIAbQBEAGUAdgBlAGwAbwBwAG0AZQBuAHQALgBwAGQAZgAPABQACQBjAGUAMgBwAG8AbgB0AG8AcwASAElVc2Vycy9lZHUvUG9saS1UQ0MvVW5pdmVyc28vQVJUSUdPUyBFIExJVlJPUy9Dcm9zc1BsYXRmb3JtRGV2ZWxvcG1lbnQucGRmAAATAAEvAAAVAAIACv//AACABdIcHR4fWCRjbGFzc2VzWiRjbGFzc25hbWWjHyAhXU5TTXV0YWJsZURhdGFWTlNEYXRhWE5TT2JqZWN0XxAtQVJUSUdPUyBFIExJVlJPUy9Dcm9zc1BsYXRmb3JtRGV2ZWxvcG1lbnQucGRm0hwdJCWiJSFcTlNEaWN0aW9uYXJ5EgABhqBfEA9OU0tleWVkQXJjaGl2ZXIACAARABYAHwAoADIANQA6ADwARQBLAFIAXQBlAGwAbwBxAHMAdgB4AHoAfACGAJMAmACgAooCjAKRApoCpQKpArcCvgLHAvcC/AL/AwwDEQAAAAAAAAIBAAAAAAAAACgAAAAAAAAAAAAAAAAAAAMj}}

@book{lerdorf2006php,
	Address = {Sebastopol Calif.},
	Author = {Rasmus Lerdorf},
	Date-Added = {2010-09-11 23:29:13 -0300},
	Date-Modified = {2010-09-13 23:25:35 -0300},
	Edition = {2nd ed.},
	Isbn = {9780596006815},
	Keywords = {php},
	Publisher = {{O'Reilly}},
	Title = {Programming {PHP}},
	Year = {2006},
	Bdsk-File-1 = {YnBsaXN0MDDUAQIDBAUIJidUJHRvcFgkb2JqZWN0c1gkdmVyc2lvblkkYXJjaGl2ZXLRBgdUcm9vdIABqAkKFRYXGyIjVSRudWxs0wsMDQ4RFFpOUy5vYmplY3RzV05TLmtleXNWJGNsYXNzog8QgASABqISE4ACgAOAB1lhbGlhc0RhdGFccmVsYXRpdmVQYXRo0hgNGRpXTlMuZGF0YU8RAgAAAAAAAgAAAgAACWNlMnBvbnRvcwAAAAAAAAAAAAAAAAAAAAAAAMe4mHlIKwAAAE56jx9Qcm9ncmFtbWluZ19QSFBfMm5kXyM0RkJFNkUuY2htAAAAAAAAAAAAAAAAAAAAAAAAAAAAAAAAAAAAAAAAAAAAT75uyLJRVQAAAAAAAAAAAAEAAwAACSAAAAAAAAAAAAAAAAAAAAAQQVJUSUdPUyBFIExJVlJPUwAQAAgAAMe4wqkAAAARAAgAAMiye4UAAAABABQATnqPAElUeQBJU5QACEq+AACSOwACAFZjZTJwb250b3M6VXNlcnM6ZWR1OlBvbGktVENDOlVuaXZlcnNvOkFSVElHT1MgRSBMSVZST1M6UHJvZ3JhbW1pbmdfUEhQXzJuZF8jNEZCRTZFLmNobQAOAEoAJABQAHIAbwBnAHIAYQBtAG0AaQBuAGcAXwBQAEgAUABfADIAbgBkAF8ARQBkAGkAdABpAG8AbgBfADIAMAAwADYALgBjAGgAbQAPABQACQBjAGUAMgBwAG8AbgB0AG8AcwASAFFVc2Vycy9lZHUvUG9saS1UQ0MvVW5pdmVyc28vQVJUSUdPUyBFIExJVlJPUy9Qcm9ncmFtbWluZ19QSFBfMm5kX0VkaXRpb25fMjAwNi5jaG0AABMAAS8AABUAAgAK//8AAIAF0hwdHh9YJGNsYXNzZXNaJGNsYXNzbmFtZaMfICFdTlNNdXRhYmxlRGF0YVZOU0RhdGFYTlNPYmplY3RfEDVBUlRJR09TIEUgTElWUk9TL1Byb2dyYW1taW5nX1BIUF8ybmRfRWRpdGlvbl8yMDA2LmNobdIcHSQloiUhXE5TRGljdGlvbmFyeRIAAYagXxAPTlNLZXllZEFyY2hpdmVyAAgAEQAWAB8AKAAyADUAOgA8AEUASwBSAF0AZQBsAG8AcQBzAHYAeAB6AHwAhgCTAJgAoAKkAqYCqwK0Ar8CwwLRAtgC4QMZAx4DIQMuAzMAAAAAAAACAQAAAAAAAAAoAAAAAAAAAAAAAAAAAAADRQ==}}

@book{omicini2001scripting,
	Address = {Berlin {;;New} York},
	Author = {Andrea Omicini and Franco Zambonelli and Matthias Klusch and Robert Tolksdorf},
	Date-Added = {2010-09-12 10:36:59 -0300},
	Date-Modified = {2010-09-13 23:28:03 -0300},
	Isbn = {3-540-41613-7},
	Keywords = {scripting language},
	Pages = {153--175},
	Publisher = {Springer},
	Title = {Coordination of Internet agents: models, technologies, and applications},
	Year = {2001},
	Bdsk-Url-1 = {http://books.google.com.br/books?id=-gjTGFeqxwQC&pg=PA160&dq=definition+scripting+language&hl=pt-BR&ei=oNaMTPLiGMP_lgfGsOxg&sa=X&oi=book_result&ct=result&resnum=4&ved=0CD0Q6AEwAw#v=onepage&q=definition%20scripting%20language&f=false}}

@book{freire2008general,
	Address = {Hershey},
	Annote = {Página 723

Programming Language and database Selection
The PHP Hypertext processor was selected as the programming language for building the system pro- totype. PHP is a server-side scripting language; it is a widely-used open source, general-purpose scripting language that is especially suited for Web develop- ment and can be embedded into HTML codes. Its script is processed by the Web server which translates the PHP code and returns conventional HTML code back to the browser. This kind of interaction allows for some complex operations (PHP Group, 2005). PHP also supports a large number of databases, including Informix, Oracle, Sybase, Solid, and PostgreSQL and ODBC. An open-source database management system known as MySQL was selected as well. It is one of the most popular open-source database management sys- tems. According to Cheung et al. (2004), MySQL can handle large databases, e.g., it is capable of handling databases with 50 million records, 60,000 tables, and 5,000,000,000 rows.
The PHP-MySQL combination is also cross-plat- form, which means you can develop in Windows and serve on a UNIX platform. Also, PHP can be run as an external CGI process, a stand-alone script interpreter, or an embedded Apache module. With the above- mentioned advantages of PHP and MySQL, both were selected to build the proposed system prototype. It was the preliminary intention of the authors to use free shareware due to limited resources for this research. It is the authors' opinion that interchange between work environments might not be particularly critical to the success of this research project, as the outcome of the research can be used in different work environments.},
	Author = {Mário Freire AND Manuela Pereira},
	Date-Added = {2010-09-13 20:48:02 -0300},
	Date-Modified = {2010-09-13 21:17:27 -0300},
	Isbn = {9781591409946},
	Keywords = {general},
	Publisher = {InformatIon ScIence Reference},
	Title = {Encyclopedia of Internet Technologies and Applications},
	Year = {2008},
	Bdsk-File-1 = {YnBsaXN0MDDUAQIDBAUIJidUJHRvcFgkb2JqZWN0c1gkdmVyc2lvblkkYXJjaGl2ZXLRBgdUcm9vdIABqAkKFRYXGyIjVSRudWxs0wsMDQ4RFFpOUy5vYmplY3RzV05TLmtleXNWJGNsYXNzog8QgASABqISE4ACgAOAB1lhbGlhc0RhdGFccmVsYXRpdmVQYXRo0hgNGRpXTlMuZGF0YU8RAkIAAAAAAkIAAgAACWNlMnBvbnRvcwAAAAAAAAAAAAAAAAAAAAAAAMe4mHlIKwAAAE56jx9FbmN5Y2xvcGVkaWEgb2YgSW50ZSM2QkFENDQucGRmAAAAAAAAAAAAAAAAAAAAAAAAAAAAAAAAAAAAAAAAAAAAa61Ew3zoOAAAAAAAAAAAAAEAAwAACSAAAAAAAAAAAAAAAAAAAAAQQVJUSUdPUyBFIExJVlJPUwAQAAgAAMe4wqkAAAARAAgAAMN9BFgAAAABABQATnqPAElUeQBJU5QACEq+AACSOwACAFZjZTJwb250b3M6VXNlcnM6ZWR1OlBvbGktVENDOlVuaXZlcnNvOkFSVElHT1MgRSBMSVZST1M6RW5jeWNsb3BlZGlhIG9mIEludGUjNkJBRDQ0LnBkZgAOAHYAOgBFAG4AYwB5AGMAbABvAHAAZQBkAGkAYQAgAG8AZgAgAEkAbgB0AGUAcgBuAGUAdAAgAFQAZQBjAGgAbgBvAGwAbwBnAGkAZQBzACAAYQBuAGQAIABBAHAAcABsAGkAYwBhAHQAaQBvAG4AcwAuAHAAZABmAA8AFAAJAGMAZQAyAHAAbwBuAHQAbwBzABIAZ1VzZXJzL2VkdS9Qb2xpLVRDQy9Vbml2ZXJzby9BUlRJR09TIEUgTElWUk9TL0VuY3ljbG9wZWRpYSBvZiBJbnRlcm5ldCBUZWNobm9sb2dpZXMgYW5kIEFwcGxpY2F0aW9ucy5wZGYAABMAAS8AABUAAgAK//8AAIAF0hwdHh9YJGNsYXNzZXNaJGNsYXNzbmFtZaMfICFdTlNNdXRhYmxlRGF0YVZOU0RhdGFYTlNPYmplY3RfEEtBUlRJR09TIEUgTElWUk9TL0VuY3ljbG9wZWRpYSBvZiBJbnRlcm5ldCBUZWNobm9sb2dpZXMgYW5kIEFwcGxpY2F0aW9ucy5wZGbSHB0kJaIlIVxOU0RpY3Rpb25hcnkSAAGGoF8QD05TS2V5ZWRBcmNoaXZlcgAIABEAFgAfACgAMgA1ADoAPABFAEsAUgBdAGUAbABvAHEAcwB2AHgAegB8AIYAkwCYAKAC5gLoAu0C9gMBAwUDEwMaAyMDcQN2A3kDhgOLAAAAAAAAAgEAAAAAAAAAKAAAAAAAAAAAAAAAAAAAA50=}}

@book{laurie2003apache,
	Address = {Sebastopol {CA}},
	Author = {Ben Laurie AND Peter Laurie},
	Date-Added = {2010-09-13 21:28:14 -0300},
	Date-Modified = {2010-09-13 23:25:03 -0300},
	Edition = {3rd ed.},
	Isbn = {9780596002039},
	Keywords = {apache},
	Publisher = {{O'Reilly}},
	Title = {Apache: The Definitive Guide},
	Year = {2003},
	Bdsk-File-1 = {YnBsaXN0MDDUAQIDBAUIJidUJHRvcFgkb2JqZWN0c1gkdmVyc2lvblkkYXJjaGl2ZXLRBgdUcm9vdIABqAkKFRYXGyIjVSRudWxs0wsMDQ4RFFpOUy5vYmplY3RzV05TLmtleXNWJGNsYXNzog8QgASABqISE4ACgAOAB1lhbGlhc0RhdGFccmVsYXRpdmVQYXRo0hgNGRpXTlMuZGF0YU8RAhgAAAAAAhgAAgAACWNlMnBvbnRvcwAAAAAAAAAAAAAAAAAAAAAAAMe4mHlIKwAAAE56jx9BcGFjaGUsdGhlX0RlZmluaXRpdiM2QkIwOUEucGRmAAAAAAAAAAAAAAAAAAAAAAAAAAAAAAAAAAAAAAAAAAAAa7CayLRIMgAAAAAAAAAAAAEAAwAACSAAAAAAAAAAAAAAAAAAAAAQQVJUSUdPUyBFIExJVlJPUwAQAAgAAMe4wqkAAAARAAgAAMi0cmIAAAABABQATnqPAElUeQBJU5QACEq+AACSOwACAFZjZTJwb250b3M6VXNlcnM6ZWR1OlBvbGktVENDOlVuaXZlcnNvOkFSVElHT1MgRSBMSVZST1M6QXBhY2hlLHRoZV9EZWZpbml0aXYjNkJCMDlBLnBkZgAOAFoALABBAHAAYQBjAGgAZQAsAHQAaABlAF8ARABlAGYAaQBuAGkAdABpAHYAZQBfAEcAdQBpAGQAZQAsAF8AMgBuAGQAXwBFAGQAaQB0AGkAbwBuAC4AcABkAGYADwAUAAkAYwBlADIAcABvAG4AdABvAHMAEgBZVXNlcnMvZWR1L1BvbGktVENDL1VuaXZlcnNvL0FSVElHT1MgRSBMSVZST1MvQXBhY2hlLHRoZV9EZWZpbml0aXZlX0d1aWRlLF8ybmRfRWRpdGlvbi5wZGYAABMAAS8AABUAAgAK//8AAIAF0hwdHh9YJGNsYXNzZXNaJGNsYXNzbmFtZaMfICFdTlNNdXRhYmxlRGF0YVZOU0RhdGFYTlNPYmplY3RfED1BUlRJR09TIEUgTElWUk9TL0FwYWNoZSx0aGVfRGVmaW5pdGl2ZV9HdWlkZSxfMm5kX0VkaXRpb24ucGRm0hwdJCWiJSFcTlNEaWN0aW9uYXJ5EgABhqBfEA9OU0tleWVkQXJjaGl2ZXIACAARABYAHwAoADIANQA6ADwARQBLAFIAXQBlAGwAbwBxAHMAdgB4AHoAfACGAJMAmACgArwCvgLDAswC1wLbAukC8AL5AzkDPgNBA04DUwAAAAAAAAIBAAAAAAAAACgAAAAAAAAAAAAAAAAAAANl}}

@book{reese2002mysql,
	Address = {Sebastopol {CA} {;;Farnham}},
	Author = {George Reese AND Randy J. Jarger AND Tim King AND Hugh E. Williams},
	Date-Added = {2010-09-13 22:05:10 -0300},
	Date-Modified = {2010-09-13 23:24:50 -0300},
	Edition = {2nd ed.},
	Isbn = {9780596002114},
	Keywords = {mysql},
	Publisher = {{O'Reilly}},
	Title = {Managing and using {MySQL}},
	Year = {2002},
	Bdsk-File-1 = {YnBsaXN0MDDUAQIDBAUIJidUJHRvcFgkb2JqZWN0c1gkdmVyc2lvblkkYXJjaGl2ZXLRBgdUcm9vdIABqAkKFRYXGyIjVSRudWxs0wsMDQ4RFFpOUy5vYmplY3RzV05TLmtleXNWJGNsYXNzog8QgASABqISE4ACgAOAB1lhbGlhc0RhdGFccmVsYXRpdmVQYXRo0hgNGRpXTlMuZGF0YU8RAg4AAAAAAg4AAgAACWNlMnBvbnRvcwAAAAAAAAAAAAAAAAAAAAAAAMe4mHlIKwAAAE56jx9NYW5hZ2luZyBhbmQgVXNpbmcgTSM2QkI1QkQuY2htAAAAAAAAAAAAAAAAAAAAAAAAAAAAAAAAAAAAAAAAAAAAa7W9wAAt9gAAAAAAAAAAAAEAAwAACSAAAAAAAAAAAAAAAAAAAAAQQVJUSUdPUyBFIExJVlJPUwAQAAgAAMe4wqkAAAARAAgAAMAAShYAAAABABQATnqPAElUeQBJU5QACEq+AACSOwACAFZjZTJwb250b3M6VXNlcnM6ZWR1OlBvbGktVENDOlVuaXZlcnNvOkFSVElHT1MgRSBMSVZST1M6TWFuYWdpbmcgYW5kIFVzaW5nIE0jNkJCNUJELmNobQAOAFQAKQBNAGEAbgBhAGcAaQBuAGcAIABhAG4AZAAgAFUAcwBpAG4AZwAgAE0AeQBTAFEATAAsACAAMgBuAGQAIABFAGQAaQB0AGkAbwBuAC4AYwBoAG0ADwAUAAkAYwBlADIAcABvAG4AdABvAHMAEgBWVXNlcnMvZWR1L1BvbGktVENDL1VuaXZlcnNvL0FSVElHT1MgRSBMSVZST1MvTWFuYWdpbmcgYW5kIFVzaW5nIE15U1FMLCAybmQgRWRpdGlvbi5jaG0AEwABLwAAFQACAAr//wAAgAXSHB0eH1gkY2xhc3Nlc1okY2xhc3NuYW1lox8gIV1OU011dGFibGVEYXRhVk5TRGF0YVhOU09iamVjdF8QOkFSVElHT1MgRSBMSVZST1MvTWFuYWdpbmcgYW5kIFVzaW5nIE15U1FMLCAybmQgRWRpdGlvbi5jaG3SHB0kJaIlIVxOU0RpY3Rpb25hcnkSAAGGoF8QD05TS2V5ZWRBcmNoaXZlcgAIABEAFgAfACgAMgA1ADoAPABFAEsAUgBdAGUAbABvAHEAcwB2AHgAegB8AIYAkwCYAKACsgK0ArkCwgLNAtEC3wLmAu8DLAMxAzQDQQNGAAAAAAAAAgEAAAAAAAAAKAAAAAAAAAAAAAAAAAAAA1g=}}

@book{beighley2009phpmysql,
	Address = {Gravenstein Highway North, Sebastopol, CA},
	Author = {Lynn Beighley AND Michael Morryson},
	Date-Added = {2010-09-13 22:41:22 -0300},
	Date-Modified = {2010-09-13 22:43:27 -0300},
	Isbn = {9780596006303},
	Keywords = {php, mysql},
	Publisher = {{O'Reilly}},
	Title = {Head first {PHP} \& {MySQL}},
	Year = {2009},
	Bdsk-File-1 = {YnBsaXN0MDDUAQIDBAUIJidUJHRvcFgkb2JqZWN0c1gkdmVyc2lvblkkYXJjaGl2ZXLRBgdUcm9vdIABqAkKFRYXGyIjVSRudWxs0wsMDQ4RFFpOUy5vYmplY3RzV05TLmtleXNWJGNsYXNzog8QgASABqISE4ACgAOAB1lhbGlhc0RhdGFccmVsYXRpdmVQYXRo0hgNGRpXTlMuZGF0YU8RAd4AAAAAAd4AAgAACWNlMnBvbnRvcwAAAAAAAAAAAAAAAAAAAAAAAMe4mHlIKwAAAE56jxpIZWFkIEZpcnN0IFBIUCAmIE15U1FMLnBkZgAAAAAAAAAAAAAAAAAAAAAAAAAAAAAAAAAAAAAAAAAAAAAAAAAAa7ahx5aZGAAAAAAAAAAAAAEAAwAACSAAAAAAAAAAAAAAAAAAAAAQQVJUSUdPUyBFIExJVlJPUwAQAAgAAMe4wqkAAAARAAgAAMeWtTgAAAABABQATnqPAElUeQBJU5QACEq+AACSOwACAFFjZTJwb250b3M6VXNlcnM6ZWR1OlBvbGktVENDOlVuaXZlcnNvOkFSVElHT1MgRSBMSVZST1M6SGVhZCBGaXJzdCBQSFAgJiBNeVNRTC5wZGYAAA4ANgAaAEgAZQBhAGQAIABGAGkAcgBzAHQAIABQAEgAUAAgACYAIABNAHkAUwBRAEwALgBwAGQAZgAPABQACQBjAGUAMgBwAG8AbgB0AG8AcwASAEdVc2Vycy9lZHUvUG9saS1UQ0MvVW5pdmVyc28vQVJUSUdPUyBFIExJVlJPUy9IZWFkIEZpcnN0IFBIUCAmIE15U1FMLnBkZgAAEwABLwAAFQACAAr//wAAgAXSHB0eH1gkY2xhc3Nlc1okY2xhc3NuYW1lox8gIV1OU011dGFibGVEYXRhVk5TRGF0YVhOU09iamVjdF8QK0FSVElHT1MgRSBMSVZST1MvSGVhZCBGaXJzdCBQSFAgJiBNeVNRTC5wZGbSHB0kJaIlIVxOU0RpY3Rpb25hcnkSAAGGoF8QD05TS2V5ZWRBcmNoaXZlcgAIABEAFgAfACgAMgA1ADoAPABFAEsAUgBdAGUAbABvAHEAcwB2AHgAegB8AIYAkwCYAKACggKEAokCkgKdAqECrwK2Ar8C7QLyAvUDAgMHAAAAAAAAAgEAAAAAAAAAKAAAAAAAAAAAAAAAAAAAAxk=}}

@book{hanson2007gwt,
	Author = {Robert Hanson AND Adam Tacy},
	Date-Added = {2010-10-02 15:37:40 -0300},
	Date-Modified = {2010-10-02 19:55:41 -0300},
	Isbn = {9781933988238},
	Keywords = {ajax, gwt},
	Publisher = {Manning},
	Title = {{GWT} in action: Easy Ajax with the Google Web toolkit},
	Year = {2007},
	Bdsk-File-1 = {YnBsaXN0MDDUAQIDBAUIJidUJHRvcFgkb2JqZWN0c1gkdmVyc2lvblkkYXJjaGl2ZXLRBgdUcm9vdIABqAkKFRYXGyIjVSRudWxs0wsMDQ4RFFpOUy5vYmplY3RzV05TLmtleXNWJGNsYXNzog8QgASABqISE4ACgAOAB1lhbGlhc0RhdGFccmVsYXRpdmVQYXRo0hgNGRpXTlMuZGF0YU8RAbgAAAAAAbgAAgAACWNlMnBvbnRvcwAAAAAAAAAAAAAAAAAAAAAAAMe4mHlIKwAAAE56jxFHV1QgSW4gQWN0aW9uLnBkZgAAAAAAAAAAAAAAAAAAAAAAAAAAAAAAAAAAAAAAAAAAAAAAAAAAAAAAAAAAAAAAfDOIwm9wYgAAAAAAAAAAAAEAAwAACSAAAAAAAAAAAAAAAAAAAAAQQVJUSUdPUyBFIExJVlJPUwAQAAgAAMe4wqkAAAARAAgAAMJvmpIAAAABABQATnqPAElUeQBJU5QACEq+AACSOwACAEhjZTJwb250b3M6VXNlcnM6ZWR1OlBvbGktVENDOlVuaXZlcnNvOkFSVElHT1MgRSBMSVZST1M6R1dUIEluIEFjdGlvbi5wZGYADgAkABEARwBXAFQAIABJAG4AIABBAGMAdABpAG8AbgAuAHAAZABmAA8AFAAJAGMAZQAyAHAAbwBuAHQAbwBzABIAPlVzZXJzL2VkdS9Qb2xpLVRDQy9Vbml2ZXJzby9BUlRJR09TIEUgTElWUk9TL0dXVCBJbiBBY3Rpb24ucGRmABMAAS8AABUAAgAK//8AAIAF0hwdHh9YJGNsYXNzZXNaJGNsYXNzbmFtZaMfICFdTlNNdXRhYmxlRGF0YVZOU0RhdGFYTlNPYmplY3RfECJBUlRJR09TIEUgTElWUk9TL0dXVCBJbiBBY3Rpb24ucGRm0hwdJCWiJSFcTlNEaWN0aW9uYXJ5EgABhqBfEA9OU0tleWVkQXJjaGl2ZXIACAARABYAHwAoADIANQA6ADwARQBLAFIAXQBlAGwAbwBxAHMAdgB4AHoAfACGAJMAmACgAlwCXgJjAmwCdwJ7AokCkAKZAr4CwwLGAtMC2AAAAAAAAAIBAAAAAAAAACgAAAAAAAAAAAAAAAAAAALq}}

@book{negrino2007ajax,
	Address = {Berkeley Calif.},
	Author = {Tom Negrino AND Dori Smith},
	Date-Added = {2010-10-02 15:51:15 -0300},
	Date-Modified = {2010-10-02 19:22:35 -0300},
	Edition = {6th ed.},
	Isbn = {9780321430328},
	Keywords = {ajax, javascript},
	Publisher = {Peachpit Press},
	Title = {{JavaScript} and Ajax for the Web},
	Year = {2007},
	Bdsk-File-1 = {YnBsaXN0MDDUAQIDBAUIJidUJHRvcFgkb2JqZWN0c1gkdmVyc2lvblkkYXJjaGl2ZXLRBgdUcm9vdIABqAkKFRYXGyIjVSRudWxs0wsMDQ4RFFpOUy5vYmplY3RzV05TLmtleXNWJGNsYXNzog8QgASABqISE4ACgAOAB1lhbGlhc0RhdGFccmVsYXRpdmVQYXRo0hgNGRpXTlMuZGF0YU8RAnIAAAAAAnIAAgAACWNlMnBvbnRvcwAAAAAAAAAAAAAAAAAAAAAAAMe4mHlIKwAAAE56jx9WaXN1YWwgUXVpY2tTdGFydCBHdSM3QzU5MkIuY2htAAAAAAAAAAAAAAAAAAAAAAAAAAAAAAAAAAAAAAAAAAAAfFkrxBcAdgAAAAAAAAAAAAEAAwAACSAAAAAAAAAAAAAAAAAAAAAQQVJUSUdPUyBFIExJVlJPUwAQAAgAAMe4wqkAAAARAAgAAMQXKqYAAAABABQATnqPAElUeQBJU5QACEq+AACSOwACAFZjZTJwb250b3M6VXNlcnM6ZWR1OlBvbGktVENDOlVuaXZlcnNvOkFSVElHT1MgRSBMSVZST1M6VmlzdWFsIFF1aWNrU3RhcnQgR3UjN0M1OTJCLmNobQAOAJYASgBWAGkAcwB1AGEAbAAgAFEAdQBpAGMAawBTAHQAYQByAHQAIABHAHUAaQBkAGUAIABKAGEAdgBhAFMAYwByAGkAcAB0ACAAYQBuAGQAIABBAGoAYQB4ACAAZgBvAHIAIAB0AGgAZQAgAFcAZQBiACwAIABTAGkAeAB0AGgAIABFAGQAaQB0AGkAbwBuAC4AYwBoAG0ADwAUAAkAYwBlADIAcABvAG4AdABvAHMAEgB3VXNlcnMvZWR1L1BvbGktVENDL1VuaXZlcnNvL0FSVElHT1MgRSBMSVZST1MvVmlzdWFsIFF1aWNrU3RhcnQgR3VpZGUgSmF2YVNjcmlwdCBhbmQgQWpheCBmb3IgdGhlIFdlYiwgU2l4dGggRWRpdGlvbi5jaG0AABMAAS8AABUAAgAK//8AAIAF0hwdHh9YJGNsYXNzZXNaJGNsYXNzbmFtZaMfICFdTlNNdXRhYmxlRGF0YVZOU0RhdGFYTlNPYmplY3RfEFtBUlRJR09TIEUgTElWUk9TL1Zpc3VhbCBRdWlja1N0YXJ0IEd1aWRlIEphdmFTY3JpcHQgYW5kIEFqYXggZm9yIHRoZSBXZWIsIFNpeHRoIEVkaXRpb24uY2ht0hwdJCWiJSFcTlNEaWN0aW9uYXJ5EgABhqBfEA9OU0tleWVkQXJjaGl2ZXIACAARABYAHwAoADIANQA6ADwARQBLAFIAXQBlAGwAbwBxAHMAdgB4AHoAfACGAJMAmACgAxYDGAMdAyYDMQM1A0MDSgNTA7EDtgO5A8YDywAAAAAAAAIBAAAAAAAAACgAAAAAAAAAAAAAAAAAAAPd}}

@book{gross2006ajax,
	Address = {Berkeley {CA}},
	Author = {Christian Gross},
	Date-Added = {2010-10-02 19:17:54 -0300},
	Date-Modified = {2010-10-02 19:19:43 -0300},
	Isbn = {9781590596166},
	Keywords = {ajax},
	Publisher = {Apress},
	Title = {Ajax patterns and best practices},
	Year = {2006},
	Bdsk-File-1 = {YnBsaXN0MDDUAQIDBAUIJidUJHRvcFgkb2JqZWN0c1gkdmVyc2lvblkkYXJjaGl2ZXLRBgdUcm9vdIABqAkKFRYXGyIjVSRudWxs0wsMDQ4RFFpOUy5vYmplY3RzV05TLmtleXNWJGNsYXNzog8QgASABqISE4ACgAOAB1lhbGlhc0RhdGFccmVsYXRpdmVQYXRo0hgNGRpXTlMuZGF0YU8RAgAAAAAAAgAAAgAACWNlMnBvbnRvcwAAAAAAAAAAAAAAAAAAAAAAAMe4mHlIKwAAAE56jx9BamF4IFBhdHRlcm5zIGFuZCBCZSM3QzU5MjcucGRmAAAAAAAAAAAAAAAAAAAAAAAAAAAAAAAAAAAAAAAAAAAAfFknwEtshgAAAAAAAAAAAAEAAwAACSAAAAAAAAAAAAAAAAAAAAAQQVJUSUdPUyBFIExJVlJPUwAQAAgAAMe4wqkAAAARAAgAAMBLlrYAAAABABQATnqPAElUeQBJU5QACEq+AACSOwACAFZjZTJwb250b3M6VXNlcnM6ZWR1OlBvbGktVENDOlVuaXZlcnNvOkFSVElHT1MgRSBMSVZST1M6QWpheCBQYXR0ZXJucyBhbmQgQmUjN0M1OTI3LnBkZgAOAEoAJABBAGoAYQB4ACAAUABhAHQAdABlAHIAbgBzACAAYQBuAGQAIABCAGUAcwB0ACAAUAByAGEAYwB0AGkAYwBlAHMALgBwAGQAZgAPABQACQBjAGUAMgBwAG8AbgB0AG8AcwASAFFVc2Vycy9lZHUvUG9saS1UQ0MvVW5pdmVyc28vQVJUSUdPUyBFIExJVlJPUy9BamF4IFBhdHRlcm5zIGFuZCBCZXN0IFByYWN0aWNlcy5wZGYAABMAAS8AABUAAgAK//8AAIAF0hwdHh9YJGNsYXNzZXNaJGNsYXNzbmFtZaMfICFdTlNNdXRhYmxlRGF0YVZOU0RhdGFYTlNPYmplY3RfEDVBUlRJR09TIEUgTElWUk9TL0FqYXggUGF0dGVybnMgYW5kIEJlc3QgUHJhY3RpY2VzLnBkZtIcHSQloiUhXE5TRGljdGlvbmFyeRIAAYagXxAPTlNLZXllZEFyY2hpdmVyAAgAEQAWAB8AKAAyADUAOgA8AEUASwBSAF0AZQBsAG8AcQBzAHYAeAB6AHwAhgCTAJgAoAKkAqYCqwK0Ar8CwwLRAtgC4QMZAx4DIQMuAzMAAAAAAAACAQAAAAAAAAAoAAAAAAAAAAAAAAAAAAADRQ==}}

@book{haseman2008android,
	Address = {Berkeley, {CA} {:;New} York, {NY} :},
	Author = {Chris Haseman},
	Date-Added = {2010-10-02 19:39:04 -0300},
	Date-Modified = {2010-10-02 19:40:02 -0300},
	Isbn = {9781430210634},
	Keywords = {android},
	Publisher = {Apress},
	Title = {Android essentials},
	Year = {2008},
	Bdsk-File-1 = {YnBsaXN0MDDUAQIDBAUIJidUJHRvcFgkb2JqZWN0c1gkdmVyc2lvblkkYXJjaGl2ZXLRBgdUcm9vdIABqAkKFRYXGyIjVSRudWxs0wsMDQ4RFFpOUy5vYmplY3RzV05TLmtleXNWJGNsYXNzog8QgASABqISE4ACgAOAB1lhbGlhc0RhdGFccmVsYXRpdmVQYXRo0hgNGRpXTlMuZGF0YU8RAc4AAAAAAc4AAgAACWNlMnBvbnRvcwAAAAAAAAAAAAAAAAAAAAAAAMe4mHlIKwAAAE56jxZBbmRyb2lkIEVzc2VudGlhbHMucGRmAAAAAAAAAAAAAAAAAAAAAAAAAAAAAAAAAAAAAAAAAAAAAAAAAAAAAAAAfFxqxMu/rgAAAAAAAAAAAAEAAwAACSAAAAAAAAAAAAAAAAAAAAAQQVJUSUdPUyBFIExJVlJPUwAQAAgAAMe4wqkAAAARAAgAAMTL6d4AAAABABQATnqPAElUeQBJU5QACEq+AACSOwACAE1jZTJwb250b3M6VXNlcnM6ZWR1OlBvbGktVENDOlVuaXZlcnNvOkFSVElHT1MgRSBMSVZST1M6QW5kcm9pZCBFc3NlbnRpYWxzLnBkZgAADgAuABYAQQBuAGQAcgBvAGkAZAAgAEUAcwBzAGUAbgB0AGkAYQBsAHMALgBwAGQAZgAPABQACQBjAGUAMgBwAG8AbgB0AG8AcwASAENVc2Vycy9lZHUvUG9saS1UQ0MvVW5pdmVyc28vQVJUSUdPUyBFIExJVlJPUy9BbmRyb2lkIEVzc2VudGlhbHMucGRmAAATAAEvAAAVAAIACv//AACABdIcHR4fWCRjbGFzc2VzWiRjbGFzc25hbWWjHyAhXU5TTXV0YWJsZURhdGFWTlNEYXRhWE5TT2JqZWN0XxAnQVJUSUdPUyBFIExJVlJPUy9BbmRyb2lkIEVzc2VudGlhbHMucGRm0hwdJCWiJSFcTlNEaWN0aW9uYXJ5EgABhqBfEA9OU0tleWVkQXJjaGl2ZXIACAARABYAHwAoADIANQA6ADwARQBLAFIAXQBlAGwAbwBxAHMAdgB4AHoAfACGAJMAmACgAnICdAJ5AoICjQKRAp8CpgKvAtkC3gLhAu4C8wAAAAAAAAIBAAAAAAAAACgAAAAAAAAAAAAAAAAAAAMF}}

@book{salehi2006imagemagick,
	Address = {Birmingham},
	Author = {Sohail Salehi},
	Date-Added = {2010-10-02 19:48:05 -0300},
	Date-Modified = {2010-10-02 19:50:06 -0300},
	Isbn = {9781904811862},
	Keywords = {imagemagick, php},
	Publisher = {Packt Publishing},
	Title = {{ImageMagick} Tricks: Web Image Effects {from the} Command Line {and} {PHP}},
	Year = {2006},
	Bdsk-File-1 = {YnBsaXN0MDDUAQIDBAUIJidUJHRvcFgkb2JqZWN0c1gkdmVyc2lvblkkYXJjaGl2ZXLRBgdUcm9vdIABqAkKFRYXGyIjVSRudWxs0wsMDQ4RFFpOUy5vYmplY3RzV05TLmtleXNWJGNsYXNzog8QgASABqISE4ACgAOAB1lhbGlhc0RhdGFccmVsYXRpdmVQYXRo0hgNGRpXTlMuZGF0YU8RAmwAAAAAAmwAAgAACWNlMnBvbnRvcwAAAAAAAAAAAAAAAAAAAAAAAMe4mHlIKwAAAE56jx9JbWFnZU1hZ2ljayBUcmlja3MgLSM3QzZBNDMucGRmAAAAAAAAAAAAAAAAAAAAAAAAAAAAAAAAAAAAAAAAAAAAfGpDwmtpzAAAAAAAAAAAAAEAAwAACSAAAAAAAAAAAAAAAAAAAAAQQVJUSUdPUyBFIExJVlJPUwAQAAgAAMe4wqkAAAARAAgAAMJrk/wAAAABABQATnqPAElUeQBJU5QACEq+AACSOwACAFZjZTJwb250b3M6VXNlcnM6ZWR1OlBvbGktVENDOlVuaXZlcnNvOkFSVElHT1MgRSBMSVZST1M6SW1hZ2VNYWdpY2sgVHJpY2tzIC0jN0M2QTQzLnBkZgAOAJIASABJAG0AYQBnAGUATQBhAGcAaQBjAGsAIABUAHIAaQBjAGsAcwAgAC0AIABXAGUAYgAgAEkAbQBhAGcAZQAgAEUAZgBmAGUAYwB0AHMAIABGAHIAbwBtACAAVABoAGUAIABDAG8AbQBtAGEAbgBkACAATABpAG4AZQAgAEEAbgBkACAAUABIAFAALgBwAGQAZgAPABQACQBjAGUAMgBwAG8AbgB0AG8AcwASAHVVc2Vycy9lZHUvUG9saS1UQ0MvVW5pdmVyc28vQVJUSUdPUyBFIExJVlJPUy9JbWFnZU1hZ2ljayBUcmlja3MgLSBXZWIgSW1hZ2UgRWZmZWN0cyBGcm9tIFRoZSBDb21tYW5kIExpbmUgQW5kIFBIUC5wZGYAABMAAS8AABUAAgAK//8AAIAF0hwdHh9YJGNsYXNzZXNaJGNsYXNzbmFtZaMfICFdTlNNdXRhYmxlRGF0YVZOU0RhdGFYTlNPYmplY3RfEFlBUlRJR09TIEUgTElWUk9TL0ltYWdlTWFnaWNrIFRyaWNrcyAtIFdlYiBJbWFnZSBFZmZlY3RzIEZyb20gVGhlIENvbW1hbmQgTGluZSBBbmQgUEhQLnBkZtIcHSQloiUhXE5TRGljdGlvbmFyeRIAAYagXxAPTlNLZXllZEFyY2hpdmVyAAgAEQAWAB8AKAAyADUAOgA8AEUASwBSAF0AZQBsAG8AcQBzAHYAeAB6AHwAhgCTAJgAoAMQAxIDFwMgAysDLwM9A0QDTQOpA64DsQO+A8MAAAAAAAACAQAAAAAAAAAoAAAAAAAAAAAAAAAAAAAD1Q==}}

@book{eddy2009android,
	Author = {John Eddy AND Patricia DiGiacomo Eddy},
	Date-Added = {2010-10-03 17:16:54 -0300},
	Date-Modified = {2010-10-03 17:19:40 -0300},
	Isbn = {9780768690262},
	Keywords = {android},
	Publisher = {Que Publishing},
	Title = {Google on the Go: Using an Android-Powered Mobile Phone},
	Year = {2009},
	Bdsk-File-1 = {YnBsaXN0MDDUAQIDBAUIJidUJHRvcFgkb2JqZWN0c1gkdmVyc2lvblkkYXJjaGl2ZXLRBgdUcm9vdIABqAkKFRYXGyIjVSRudWxs0wsMDQ4RFFpOUy5vYmplY3RzV05TLmtleXNWJGNsYXNzog8QgASABqISE4ACgAOAB1lhbGlhc0RhdGFccmVsYXRpdmVQYXRo0hgNGRpXTlMuZGF0YU8RAkgAAAAAAkgAAgAACWNlMnBvbnRvcwAAAAAAAAAAAAAAAAAAAAAAAMe4mHlIKwAAAE56jx9Hb29nbGUgb24gdGhlIEdvIC0gVSM3Q0IwNjUuY2htAAAAAAAAAAAAAAAAAAAAAAAAAAAAAAAAAAAAAAAAAAAAfLBlxjS9xAAAAAAAAAAAAAEAAwAACSAAAAAAAAAAAAAAAAAAAAAQQVJUSUdPUyBFIExJVlJPUwAQAAgAAMe4wqkAAAARAAgAAMY05/QAAAABABQATnqPAElUeQBJU5QACEq+AACSOwACAFZjZTJwb250b3M6VXNlcnM6ZWR1OlBvbGktVENDOlVuaXZlcnNvOkFSVElHT1MgRSBMSVZST1M6R29vZ2xlIG9uIHRoZSBHbyAtIFUjN0NCMDY1LmNobQAOAHoAPABHAG8AbwBnAGwAZQAgAG8AbgAgAHQAaABlACAARwBvACAALQAgAFUAcwBpAG4AZwAgAGEAbgAgAEEAbgBkAHIAbwBpAGQALQBQAG8AdwBlAHIAZQBkACAATQBvAGIAaQBsAGUAIABQAGgAbwBuAGUALgBjAGgAbQAPABQACQBjAGUAMgBwAG8AbgB0AG8AcwASAGlVc2Vycy9lZHUvUG9saS1UQ0MvVW5pdmVyc28vQVJUSUdPUyBFIExJVlJPUy9Hb29nbGUgb24gdGhlIEdvIC0gVXNpbmcgYW4gQW5kcm9pZC1Qb3dlcmVkIE1vYmlsZSBQaG9uZS5jaG0AABMAAS8AABUAAgAK//8AAIAF0hwdHh9YJGNsYXNzZXNaJGNsYXNzbmFtZaMfICFdTlNNdXRhYmxlRGF0YVZOU0RhdGFYTlNPYmplY3RfEE1BUlRJR09TIEUgTElWUk9TL0dvb2dsZSBvbiB0aGUgR28gLSBVc2luZyBhbiBBbmRyb2lkLVBvd2VyZWQgTW9iaWxlIFBob25lLmNobdIcHSQloiUhXE5TRGljdGlvbmFyeRIAAYagXxAPTlNLZXllZEFyY2hpdmVyAAgAEQAWAB8AKAAyADUAOgA8AEUASwBSAF0AZQBsAG8AcQBzAHYAeAB6AHwAhgCTAJgAoALsAu4C8wL8AwcDCwMZAyADKQN5A34DgQOOA5MAAAAAAAACAQAAAAAAAAAoAAAAAAAAAAAAAAAAAAADpQ==}}

@book{zukowski2006java,
	Address = {Berkeley {CA} {;New} York {NY}},
	Author = {John Zukowski},
	Date-Added = {2010-10-03 17:39:15 -0300},
	Date-Modified = {2010-10-03 17:39:36 -0300},
	Isbn = {9781590596609},
	Keywords = {java},
	Publisher = {Apress},
	Title = {Java 6 platform revealed},
	Year = {2006},
	Bdsk-File-1 = {YnBsaXN0MDDUAQIDBAUIJidUJHRvcFgkb2JqZWN0c1gkdmVyc2lvblkkYXJjaGl2ZXLRBgdUcm9vdIABqAkKFRYXGyIjVSRudWxs0wsMDQ4RFFpOUy5vYmplY3RzV05TLmtleXNWJGNsYXNzog8QgASABqISE4ACgAOAB1lhbGlhc0RhdGFccmVsYXRpdmVQYXRo0hgNGRpXTlMuZGF0YU8RAeYAAAAAAeYAAgAACWNlMnBvbnRvcwAAAAAAAAAAAAAAAAAAAAAAAMe4mHlIKwAAAE56jxxKYXZhIDYgUGxhdGZvcm0gUmV2ZWFsZWQucGRmAAAAAAAAAAAAAAAAAAAAAAAAAAAAAAAAAAAAAAAAAAAAAAAAfmsCwQleRAAAAAAAAAAAAAEAAwAACSAAAAAAAAAAAAAAAAAAAAAQQVJUSUdPUyBFIExJVlJPUwAQAAgAAMe4wqkAAAARAAgAAMEJiHQAAAABABQATnqPAElUeQBJU5QACEq+AACSOwACAFNjZTJwb250b3M6VXNlcnM6ZWR1OlBvbGktVENDOlVuaXZlcnNvOkFSVElHT1MgRSBMSVZST1M6SmF2YSA2IFBsYXRmb3JtIFJldmVhbGVkLnBkZgAADgA6ABwASgBhAHYAYQAgADYAIABQAGwAYQB0AGYAbwByAG0AIABSAGUAdgBlAGEAbABlAGQALgBwAGQAZgAPABQACQBjAGUAMgBwAG8AbgB0AG8AcwASAElVc2Vycy9lZHUvUG9saS1UQ0MvVW5pdmVyc28vQVJUSUdPUyBFIExJVlJPUy9KYXZhIDYgUGxhdGZvcm0gUmV2ZWFsZWQucGRmAAATAAEvAAAVAAIACv//AACABdIcHR4fWCRjbGFzc2VzWiRjbGFzc25hbWWjHyAhXU5TTXV0YWJsZURhdGFWTlNEYXRhWE5TT2JqZWN0XxAtQVJUSUdPUyBFIExJVlJPUy9KYXZhIDYgUGxhdGZvcm0gUmV2ZWFsZWQucGRm0hwdJCWiJSFcTlNEaWN0aW9uYXJ5EgABhqBfEA9OU0tleWVkQXJjaGl2ZXIACAARABYAHwAoADIANQA6ADwARQBLAFIAXQBlAGwAbwBxAHMAdgB4AHoAfACGAJMAmACgAooCjAKRApoCpQKpArcCvgLHAvcC/AL/AwwDEQAAAAAAAAIBAAAAAAAAACgAAAAAAAAAAAAAAAAAAAMj}}

@book{monday2003java,
	Address = {Berkeley Calif. {;London}},
	Author = {Paul B. Monday},
	Date-Added = {2010-10-03 17:43:22 -0300},
	Date-Modified = {2010-10-03 18:23:01 -0300},
	Isbn = {9781590590843},
	Keywords = {java, web services},
	Publisher = {Apress},
	Title = {Web services patterns: Java edition},
	Year = {2003},
	Bdsk-File-1 = {YnBsaXN0MDDUAQIDBAUIJidUJHRvcFgkb2JqZWN0c1gkdmVyc2lvblkkYXJjaGl2ZXLRBgdUcm9vdIABqAkKFRYXGyIjVSRudWxs0wsMDQ4RFFpOUy5vYmplY3RzV05TLmtleXNWJGNsYXNzog8QgASABqISE4ACgAOAB1lhbGlhc0RhdGFccmVsYXRpdmVQYXRo0hgNGRpXTlMuZGF0YU8RAiQAAAAAAiQAAgAACWNlMnBvbnRvcwAAAAAAAAAAAAAAAAAAAAAAAMe4mHlIKwAAAE56jx93ZWJfc2VydmljZV9wYXR0ZXJucyM3RTZDNTEuY2htAAAAAAAAAAAAAAAAAAAAAAAAAAAAAAAAAAAAAAAAAAAAfmxRwzyCFgAAAAAAAAAAAAEAAwAACSAAAAAAAAAAAAAAAAAAAAAQQVJUSUdPUyBFIExJVlJPUwAQAAgAAMe4wqkAAAARAAgAAMM8njYAAAABABQATnqPAElUeQBJU5QACEq+AACSOwACAFZjZTJwb250b3M6VXNlcnM6ZWR1OlBvbGktVENDOlVuaXZlcnNvOkFSVElHT1MgRSBMSVZST1M6d2ViX3NlcnZpY2VfcGF0dGVybnMjN0U2QzUxLmNobQAOAGIAMAB3AGUAYgBfAHMAZQByAHYAaQBjAGUAXwBwAGEAdAB0AGUAcgBuAHMAXwAtAF8AagBhAHYAYQBfAGUAZABpAHQAaQBvAG4AXwAtAF8AYQBwAHIAZQBzAHMALgBjAGgAbQAPABQACQBjAGUAMgBwAG8AbgB0AG8AcwASAF1Vc2Vycy9lZHUvUG9saS1UQ0MvVW5pdmVyc28vQVJUSUdPUyBFIExJVlJPUy93ZWJfc2VydmljZV9wYXR0ZXJuc18tX2phdmFfZWRpdGlvbl8tX2FwcmVzcy5jaG0AABMAAS8AABUAAgAK//8AAIAF0hwdHh9YJGNsYXNzZXNaJGNsYXNzbmFtZaMfICFdTlNNdXRhYmxlRGF0YVZOU0RhdGFYTlNPYmplY3RfEEFBUlRJR09TIEUgTElWUk9TL3dlYl9zZXJ2aWNlX3BhdHRlcm5zXy1famF2YV9lZGl0aW9uXy1fYXByZXNzLmNobdIcHSQloiUhXE5TRGljdGlvbmFyeRIAAYagXxAPTlNLZXllZEFyY2hpdmVyAAgAEQAWAB8AKAAyADUAOgA8AEUASwBSAF0AZQBsAG8AcQBzAHYAeAB6AHwAhgCTAJgAoALIAsoCzwLYAuMC5wL1AvwDBQNJA04DUQNeA2MAAAAAAAACAQAAAAAAAAAoAAAAAAAAAAAAAAAAAAADdQ==}}

@book{mclaughlin2001java,
	Address = {Beijing {;;Cambridge} {[Mass.]}},
	Author = {Brett {McLaughlin}},
	Date-Added = {2010-10-03 18:24:20 -0300},
	Date-Modified = {2010-10-03 18:24:42 -0300},
	Edition = {2nd ed.},
	Isbn = {9780596001971},
	Keywords = {java, xml},
	Publisher = {{O'Reilly}},
	Title = {Java \& {XML}},
	Year = {2001},
	Bdsk-File-1 = {YnBsaXN0MDDUAQIDBAUIJidUJHRvcFgkb2JqZWN0c1gkdmVyc2lvblkkYXJjaGl2ZXLRBgdUcm9vdIABqAkKFRYXGyIjVSRudWxs0wsMDQ4RFFpOUy5vYmplY3RzV05TLmtleXNWJGNsYXNzog8QgASABqISE4ACgAOAB1lhbGlhc0RhdGFccmVsYXRpdmVQYXRo0hgNGRpXTlMuZGF0YU8RAa4AAAAAAa4AAgAACWNlMnBvbnRvcwAAAAAAAAAAAAAAAAAAAAAAAMe4mHlIKwAAAE56jw5KYXZhIGUgWE1MLnBkZgAAAAAAAAAAAAAAAAAAAAAAAAAAAAAAAAAAAAAAAAAAAAAAAAAAAAAAAAAAAAAAAAAAfmwlvN1W9AAAAAAAAAAAAAEAAwAACSAAAAAAAAAAAAAAAAAAAAAQQVJUSUdPUyBFIExJVlJPUwAQAAgAAMe4wqkAAAARAAgAALzdgSQAAAABABQATnqPAElUeQBJU5QACEq+AACSOwACAEVjZTJwb250b3M6VXNlcnM6ZWR1OlBvbGktVENDOlVuaXZlcnNvOkFSVElHT1MgRSBMSVZST1M6SmF2YSBlIFhNTC5wZGYAAA4AHgAOAEoAYQB2AGEAIABlACAAWABNAEwALgBwAGQAZgAPABQACQBjAGUAMgBwAG8AbgB0AG8AcwASADtVc2Vycy9lZHUvUG9saS1UQ0MvVW5pdmVyc28vQVJUSUdPUyBFIExJVlJPUy9KYXZhIGUgWE1MLnBkZgAAEwABLwAAFQACAAr//wAAgAXSHB0eH1gkY2xhc3Nlc1okY2xhc3NuYW1lox8gIV1OU011dGFibGVEYXRhVk5TRGF0YVhOU09iamVjdF8QH0FSVElHT1MgRSBMSVZST1MvSmF2YSBlIFhNTC5wZGbSHB0kJaIlIVxOU0RpY3Rpb25hcnkSAAGGoF8QD05TS2V5ZWRBcmNoaXZlcgAIABEAFgAfACgAMgA1ADoAPABFAEsAUgBdAGUAbABvAHEAcwB2AHgAegB8AIYAkwCYAKACUgJUAlkCYgJtAnECfwKGAo8CsQK2ArkCxgLLAAAAAAAAAgEAAAAAAAAAKAAAAAAAAAAAAAAAAAAAAt0=}}

@book{niemeyer2005java,
	Address = {Sebastopol {CA}},
	Author = {Patrick Niemeyer AND Jonathan Knudsen},
	Date-Added = {2010-10-03 18:27:18 -0300},
	Date-Modified = {2010-10-03 18:27:54 -0300},
	Edition = {3rd ed.},
	Isbn = {9780596008734},
	Keywords = {java},
	Publisher = {{O'Reilly}},
	Title = {Learning Java},
	Year = {2005},
	Bdsk-File-1 = {YnBsaXN0MDDUAQIDBAUIJidUJHRvcFgkb2JqZWN0c1gkdmVyc2lvblkkYXJjaGl2ZXLRBgdUcm9vdIABqAkKFRYXGyIjVSRudWxs0wsMDQ4RFFpOUy5vYmplY3RzV05TLmtleXNWJGNsYXNzog8QgASABqISE4ACgAOAB1lhbGlhc0RhdGFccmVsYXRpdmVQYXRo0hgNGRpXTlMuZGF0YU8RAe4AAAAAAe4AAgAACWNlMnBvbnRvcwAAAAAAAAAAAAAAAAAAAAAAAMe4mHlIKwAAAE56jx5MZWFybmluZyBKYXZhLCAzcmQgRWRpdGlvbi5jaG0AAAAAAAAAAAAAAAAAAAAAAAAAAAAAAAAAAAAAAAAAAAAAfm+/vz1FcgAAAAAAAAAAAAEAAwAACSAAAAAAAAAAAAAAAAAAAAAQQVJUSUdPUyBFIExJVlJPUwAQAAgAAMe4wqkAAAARAAgAAL89b6IAAAABABQATnqPAElUeQBJU5QACEq+AACSOwACAFVjZTJwb250b3M6VXNlcnM6ZWR1OlBvbGktVENDOlVuaXZlcnNvOkFSVElHT1MgRSBMSVZST1M6TGVhcm5pbmcgSmF2YSwgM3JkIEVkaXRpb24uY2htAAAOAD4AHgBMAGUAYQByAG4AaQBuAGcAIABKAGEAdgBhACwAIAAzAHIAZAAgAEUAZABpAHQAaQBvAG4ALgBjAGgAbQAPABQACQBjAGUAMgBwAG8AbgB0AG8AcwASAEtVc2Vycy9lZHUvUG9saS1UQ0MvVW5pdmVyc28vQVJUSUdPUyBFIExJVlJPUy9MZWFybmluZyBKYXZhLCAzcmQgRWRpdGlvbi5jaG0AABMAAS8AABUAAgAK//8AAIAF0hwdHh9YJGNsYXNzZXNaJGNsYXNzbmFtZaMfICFdTlNNdXRhYmxlRGF0YVZOU0RhdGFYTlNPYmplY3RfEC9BUlRJR09TIEUgTElWUk9TL0xlYXJuaW5nIEphdmEsIDNyZCBFZGl0aW9uLmNobdIcHSQloiUhXE5TRGljdGlvbmFyeRIAAYagXxAPTlNLZXllZEFyY2hpdmVyAAgAEQAWAB8AKAAyADUAOgA8AEUASwBSAF0AZQBsAG8AcQBzAHYAeAB6AHwAhgCTAJgAoAKSApQCmQKiAq0CsQK/AsYCzwMBAwYDCQMWAxsAAAAAAAACAQAAAAAAAAAoAAAAAAAAAAAAAAAAAAADLQ==}}

@book{gerner2006lamp,
	Address = {Indianapolis {IN}},
	Author = {Jason Gerner AND Elizabeth Naramore AND Morgan L. Owens AND Matt Warden},
	Date-Added = {2010-10-03 18:58:56 -0300},
	Date-Modified = {2010-10-03 19:00:09 -0300},
	Isbn = {9780764597237},
	Keywords = {lamp, linux, apache, mysql, php},
	Publisher = {Wiley Publishing},
	Title = {Professional {LAMP}: Linux, Apache, {MySQL,} and {PHP} Web development},
	Year = {2006},
	Bdsk-File-1 = {YnBsaXN0MDDUAQIDBAUIJidUJHRvcFgkb2JqZWN0c1gkdmVyc2lvblkkYXJjaGl2ZXLRBgdUcm9vdIABqAkKFRYXGyIjVSRudWxs0wsMDQ4RFFpOUy5vYmplY3RzV05TLmtleXNWJGNsYXNzog8QgASABqISE4ACgAOAB1lhbGlhc0RhdGFccmVsYXRpdmVQYXRo0hgNGRpXTlMuZGF0YU8RAmAAAAAAAmAAAgAACWNlMnBvbnRvcwAAAAAAAAAAAAAAAAAAAAAAAMe4mHlIKwAAAE56jx9Qcm9mZXNzaW9uYWwgTGFtcCAtICM3RTc0MDUucGRmAAAAAAAAAAAAAAAAAAAAAAAAAAAAAAAAAAAAAAAAAAAAfnQFxhD7LgAAAAAAAAAAAAEAAwAACSAAAAAAAAAAAAAAAAAAAAAQQVJUSUdPUyBFIExJVlJPUwAQAAgAAMe4wqkAAAARAAgAAMYRJV4AAAABABQATnqPAElUeQBJU5QACEq+AACSOwACAFZjZTJwb250b3M6VXNlcnM6ZWR1OlBvbGktVENDOlVuaXZlcnNvOkFSVElHT1MgRSBMSVZST1M6UHJvZmVzc2lvbmFsIExhbXAgLSAjN0U3NDA1LnBkZgAOAIoARABQAHIAbwBmAGUAcwBzAGkAbwBuAGEAbAAgAEwAYQBtAHAAIAAtACAATABpAG4AdQB4ACwAIABBAHAAYQBjAGgAZQAsACAATQB5AHMAcQBsACwAIAAmACAAUABoAHAANQAgAFcAZQBiACAARABlAHYAZQBsAG8AcABtAGUAbgB0AC4AcABkAGYADwAUAAkAYwBlADIAcABvAG4AdABvAHMAEgBxVXNlcnMvZWR1L1BvbGktVENDL1VuaXZlcnNvL0FSVElHT1MgRSBMSVZST1MvUHJvZmVzc2lvbmFsIExhbXAgLSBMaW51eCwgQXBhY2hlLCBNeXNxbCwgJiBQaHA1IFdlYiBEZXZlbG9wbWVudC5wZGYAABMAAS8AABUAAgAK//8AAIAF0hwdHh9YJGNsYXNzZXNaJGNsYXNzbmFtZaMfICFdTlNNdXRhYmxlRGF0YVZOU0RhdGFYTlNPYmplY3RfEFVBUlRJR09TIEUgTElWUk9TL1Byb2Zlc3Npb25hbCBMYW1wIC0gTGludXgsIEFwYWNoZSwgTXlzcWwsICYgUGhwNSBXZWIgRGV2ZWxvcG1lbnQucGRm0hwdJCWiJSFcTlNEaWN0aW9uYXJ5EgABhqBfEA9OU0tleWVkQXJjaGl2ZXIACAARABYAHwAoADIANQA6ADwARQBLAFIAXQBlAGwAbwBxAHMAdgB4AHoAfACGAJMAmACgAwQDBgMLAxQDHwMjAzEDOANBA5kDngOhA64DswAAAAAAAAIBAAAAAAAAACgAAAAAAAAAAAAAAAAAAAPF}}

@book{lee2003lamp,
	Address = {Boston},
	Author = {James Lee AND Brent Ware},
	Date-Added = {2010-10-03 19:18:14 -0300},
	Date-Modified = {2010-10-03 19:41:46 -0300},
	Isbn = {9780201770612},
	Keywords = {lamp, linux, apache, mysql, php},
	Publisher = {{Addison-Wesley}},
	Title = {Open source Web development with {LAMP}: using Linux, Apache, {MySQL,} Perl, and {PHP}},
	Year = {2003},
	Bdsk-File-1 = {YnBsaXN0MDDUAQIDBAUIJidUJHRvcFgkb2JqZWN0c1gkdmVyc2lvblkkYXJjaGl2ZXLRBgdUcm9vdIABqAkKFRYXGyIjVSRudWxs0wsMDQ4RFFpOUy5vYmplY3RzV05TLmtleXNWJGNsYXNzog8QgASABqISE4ACgAOAB1lhbGlhc0RhdGFccmVsYXRpdmVQYXRo0hgNGRpXTlMuZGF0YU8RArYAAAAAArYAAgAACWNlMnBvbnRvcwAAAAAAAAAAAAAAAAAAAAAAAMe4mHlIKwAAAE56jx9vcGVuLXNvdXJjZS13ZWItZGV2ZSM3RTc1Q0YuY2htAAAAAAAAAAAAAAAAAAAAAAAAAAAAAAAAAAAAAAAAAAAAfnXPyM6GHwAAAAAAAAAAAAEAAwAACSAAAAAAAAAAAAAAAAAAAAAQQVJUSUdPUyBFIExJVlJPUwAQAAgAAMe4wqkAAAARAAgAAMjOsE8AAAABABQATnqPAElUeQBJU5QACEq+AACSOwACAFZjZTJwb250b3M6VXNlcnM6ZWR1OlBvbGktVENDOlVuaXZlcnNvOkFSVElHT1MgRSBMSVZST1M6b3Blbi1zb3VyY2Utd2ViLWRldmUjN0U3NUNGLmNobQAOAMQAYQBvAHAAZQBuAC0AcwBvAHUAcgBjAGUALQB3AGUAYgAtAGQAZQB2AGUAbABvAHAAbQBlAG4AdAAtAHcAaQB0AGgALQBsAGEAbQBwAC0AdQBzAGkAbgBnAC0AbABpAG4AdQB4AC0AYQBwAGEAYwBoAGUALQBtAHkAcwBxAGwALQBwAGUAcgBsAC0AYQBuAGQALQBwAGgAcAAuADkANwA4ADAAMgAwADEANwA3ADAANgAxADIALgA1ADAANQAuAGMAaABtAA8AFAAJAGMAZQAyAHAAbwBuAHQAbwBzABIAjlVzZXJzL2VkdS9Qb2xpLVRDQy9Vbml2ZXJzby9BUlRJR09TIEUgTElWUk9TL29wZW4tc291cmNlLXdlYi1kZXZlbG9wbWVudC13aXRoLWxhbXAtdXNpbmctbGludXgtYXBhY2hlLW15c3FsLXBlcmwtYW5kLXBocC45NzgwMjAxNzcwNjEyLjUwNS5jaG0AEwABLwAAFQACAAr//wAAgAXSHB0eH1gkY2xhc3Nlc1okY2xhc3NuYW1lox8gIV1OU011dGFibGVEYXRhVk5TRGF0YVhOU09iamVjdF8QckFSVElHT1MgRSBMSVZST1Mvb3Blbi1zb3VyY2Utd2ViLWRldmVsb3BtZW50LXdpdGgtbGFtcC11c2luZy1saW51eC1hcGFjaGUtbXlzcWwtcGVybC1hbmQtcGhwLjk3ODAyMDE3NzA2MTIuNTA1LmNobdIcHSQloiUhXE5TRGljdGlvbmFyeRIAAYagXxAPTlNLZXllZEFyY2hpdmVyAAgAEQAWAB8AKAAyADUAOgA8AEUASwBSAF0AZQBsAG8AcQBzAHYAeAB6AHwAhgCTAJgAoANaA1wDYQNqA3UDeQOHA44DlwQMBBEEFAQhBCYAAAAAAAACAQAAAAAAAAAoAAAAAAAAAAAAAAAAAAAEOA==}}

@book{torvalds2001linux,
	Address = {New York {NY}},
	Author = {Linus Torvalds AND David Diamond},
	Date-Added = {2010-10-03 19:49:33 -0300},
	Date-Modified = {2010-10-03 19:50:30 -0300},
	Edition = {1st ed.},
	Isbn = {9780066620725},
	Keywords = {linux},
	Publisher = {{HarperBusiness}},
	Title = {Just for fun : the story of an accidental revolutionary},
	Year = {2001}}

@book{dyer2008mysql,
	Address = {Sebastopol {CA}},
	Author = {Russell Dyer},
	Date-Added = {2010-10-04 09:43:39 -0300},
	Date-Modified = {2010-10-04 09:44:04 -0300},
	Edition = {2nd ed.},
	Isbn = {9780596514334},
	Keywords = {mysql},
	Publisher = {{O'Reilly}},
	Title = {{MySQL} in a nutshell},
	Year = {2008},
	Bdsk-File-1 = {YnBsaXN0MDDUAQIDBAUIJidUJHRvcFgkb2JqZWN0c1gkdmVyc2lvblkkYXJjaGl2ZXLRBgdUcm9vdIABqAkKFRYXGyIjVSRudWxs0wsMDQ4RFFpOUy5vYmplY3RzV05TLmtleXNWJGNsYXNzog8QgASABqISE4ACgAOAB1lhbGlhc0RhdGFccmVsYXRpdmVQYXRo0hgNGRpXTlMuZGF0YU8RAggAAAAAAggAAgAACWNlMnBvbnRvcwAAAAAAAAAAAAAAAAAAAAAAAMe4mHlIKwAAAE56jx9NeVNRTC5pbi5hLk51dHNoZWxsLiM3RTkxMjAuY2htAAAAAAAAAAAAAAAAAAAAAAAAAAAAAAAAAAAAAAAAAAAAfpEgxC0vHAAAAAAAAAAAAAEAAwAACSAAAAAAAAAAAAAAAAAAAAAQQVJUSUdPUyBFIExJVlJPUwAQAAgAAMe4wqkAAAARAAgAAMQtWUwAAAABABQATnqPAElUeQBJU5QACEq+AACSOwACAFZjZTJwb250b3M6VXNlcnM6ZWR1OlBvbGktVENDOlVuaXZlcnNvOkFSVElHT1MgRSBMSVZST1M6TXlTUUwuaW4uYS5OdXRzaGVsbC4jN0U5MTIwLmNobQAOAFAAJwBNAHkAUwBRAEwALgBpAG4ALgBhAC4ATgB1AHQAcwBoAGUAbABsAC4AMgBuAGQALgBFAGQALgBBAHAAcgAuADIAMAAwADgALgBjAGgAbQAPABQACQBjAGUAMgBwAG8AbgB0AG8AcwASAFRVc2Vycy9lZHUvUG9saS1UQ0MvVW5pdmVyc28vQVJUSUdPUyBFIExJVlJPUy9NeVNRTC5pbi5hLk51dHNoZWxsLjJuZC5FZC5BcHIuMjAwOC5jaG0AEwABLwAAFQACAAr//wAAgAXSHB0eH1gkY2xhc3Nlc1okY2xhc3NuYW1lox8gIV1OU011dGFibGVEYXRhVk5TRGF0YVhOU09iamVjdF8QOEFSVElHT1MgRSBMSVZST1MvTXlTUUwuaW4uYS5OdXRzaGVsbC4ybmQuRWQuQXByLjIwMDguY2ht0hwdJCWiJSFcTlNEaWN0aW9uYXJ5EgABhqBfEA9OU0tleWVkQXJjaGl2ZXIACAARABYAHwAoADIANQA6ADwARQBLAFIAXQBlAGwAbwBxAHMAdgB4AHoAfACGAJMAmACgAqwCrgKzArwCxwLLAtkC4ALpAyQDKQMsAzkDPgAAAAAAAAIBAAAAAAAAACgAAAAAAAAAAAAAAAAAAANQ}}
