%% This BibTeX bibliography file was created using BibDesk.
%% http://bibdesk.sourceforge.net/


%% Created for Eduardo Russo at 2010-10-12 08:28:51 -0300 


%% Saved with string encoding Western (Mac OS Roman) 


@comment{jabref-meta: selector_publisher:}
@comment{jabref-meta: selector_author:}
@comment{jabref-meta: selector_journal:}
@comment{jabref-meta: selector_keywords:}


	
@book{JJ,
      	Address = {Rio de Janeiro {RJ}},
      	Author = {José João Neto},
      	Date-Added = {2010-12-05 09:43:39 -0300},
      	Date-Modified = {2010-12-05 09:44:04 -0300},
      	Edition = {1st},
      	Isbn = {8521604831},
      	Keywords = {compilaçao},
      	Publisher = {{Livros Técnicos e Científicos}},
      	Title = {Introdução à Compilação},
      	Year = {1987}
      	}

@misc{RadiantFire,
	Author={Hugo Baraúna and Fábio Yamate},
	Year = {2009},
	Howpublished={\url{http://radiant-fire-72.heroku.com/}},
	Title={Compiler::Wirth}
}

